@ARTICLE{ali08,
   author = {{Ali}, S.~S. and {Bharadwaj}, S. and {Chengalur}, J.~N.},
    title = "{Foregrounds for redshifted 21-cm studies of reionization: Giant Meter Wave Radio Telescope 153-MHz observations}",
  journal = {\mnras},
archivePrefix = "arXiv",
   eprint = {0801.2424},
 keywords = {methods: statistical , cosmology: observations , diffuse radiation},
     year = 2008,
    month = apr,
   volume = 385,
    pages = {2166-2174},
      doi = {10.1111/j.1365-2966.2008.12984.x},
   adsurl = {http://adsabs.harvard.edu/abs/2008MNRAS.385.2166A},
  adsnote = {Provided by the SAO/NASA Astrophysics Data System}
}

@ARTICLE{bar05,
   author = {{Barkana}, R. and {Loeb}, A.},
    title = "{A Method for Separating the Physics from the Astrophysics of High-Redshift 21 Centimeter Fluctuations}",
  journal = {\apjl},
   eprint = {arXiv:astro-ph/0409572},
 keywords = {Cosmology: Theory, Galaxies: Formation, Galaxies: High-Redshift},
     year = 2005,
    month = may,
   volume = 624,
    pages = {L65-L68},
      doi = {10.1086/430599},
   adsurl = {http://adsabs.harvard.edu/abs/2005ApJ...624L..65B},
  adsnote = {Provided by the SAO/NASA Astrophysics Data System}
}

@ARTICLE{bec01,
   author = {{Becker}, R.~H. and {Fan}, X. and {White}, R.~L. and {Strauss}, M.~A. and 
	{Narayanan}, V.~K. and {Lupton}, R.~H. and {Gunn}, J.~E. and 
	{Annis}, J. and {Bahcall}, N.~A. and {Brinkmann}, J. and {Connolly}, A.~J. and 
	{Csabai}, I. and {Czarapata}, P.~C. and {Doi}, M. and {Heckman}, T.~M. and 
	{Hennessy}, G.~S. and {Ivezi{\'c}}, {\v Z}. and {Knapp}, G.~R. and 
	{Lamb}, D.~Q. and {McKay}, T.~A. and {Munn}, J.~A. and {Nash}, T. and 
	{Nichol}, R. and {Pier}, J.~R. and {Richards}, G.~T. and {Schneider}, D.~P. and 
	{Stoughton}, C. and {Szalay}, A.~S. and {Thakar}, A.~R. and 
	{York}, D.~G.},
    title = "{Evidence for Reionization at z\~{}6: Detection of a Gunn-Peterson Trough in a z=6.28 Quasar}",
  journal = {\aj},
   eprint = {arXiv:astro-ph/0108097},
 keywords = {Cosmology: Observations, Galaxies: Formation, Galaxies: Quasars: Absorption Lines, Galaxies: Quasars: General},
     year = 2001,
    month = dec,
   volume = 122,
    pages = {2850-2857},
      doi = {10.1086/324231},
   adsurl = {http://adsabs.harvard.edu/abs/2001AJ....122.2850B},
  adsnote = {Provided by the SAO/NASA Astrophysics Data System}
}

@ARTICLE{bea12,
   author = {{Beardsley}, A.~P. and {Hazelton}, B.~J. and {Morales}, M.~F. and 
	{Capallo}, R.~J. and {Goeke}, R. and {Emrich}, D. and {Lonsdale}, C.~J. and 
	{Arcus}, W. and {Barnes}, D. and {Bernardi}, G. and {Bowman}, J.~D. and 
	{Bunton}, J.~D. and {Corey}, B.~E. and {Deshpande}, A. and {deSouza}, L. and 
	{Gaensler}, B.~M. and {Greenhill}, L.~J. and {Herne}, D. and 
	{Hewitt}, J.~N. and {Kaplan}, D.~L. and {Kasper}, J.~C. and 
	{Kincaid}, B.~B. and {Koenig}, R. and {Kratzenberg}, E. and 
	{Lynch}, M.~J. and {McWhirter}, S.~R. and {Mitchell}, D.~A. and 
	{Morgan}, E. and {Oberoi}, D. and {Ord}, S.~M. and {Pathikulangara}, J. and 
	{Prabu}, T. and {Remillard}, R.~A. and {Rogers}, A.~E.~E. and 
	{Roshi}, A. and {Salah}, J.~E. and {Sault}, R.~J. and {Shankar}, N.~U. and 
	{Srivani}, K.~S. and {Stevens}, J. and {Subrahmanyan}, R. and 
	{Tingay}, S.~J. and {Wayth}, R.~B. and {Waterson}, M. and {Webster}, R.~L. and 
	{Whitney}, A.~R. and {Williams}, A. and {Williams}, C.~L. and 
	{Wyithe}, J.~S.~B.},
    title = "{A new layout optimization technique for interferometric arrays, applied to the Murchison Widefield Array}",
  journal = {\mnras},
archivePrefix = "arXiv",
   eprint = {1203.1293},
 primaryClass = "astro-ph.IM",
 keywords = {instrumentation: interferometers, cosmology: miscellaneous },
     year = 2012,
    month = sep,
   volume = 425,
    pages = {1781-1788},
      doi = {10.1111/j.1365-2966.2012.20878.x},
   adsurl = {http://adsabs.harvard.edu/abs/2012MNRAS.425.1781B},
  adsnote = {Provided by the SAO/NASA Astrophysics Data System}
}

@ARTICLE{bea13,
   author = {{Beardsley}, A.~P. and {Hazelton}, B.~J. and {Morales}, M.~F. and 
	{Arcus}, W. and {Barnes}, D. and {Bernardi}, G. and {Bowman}, J.~D. and 
	{Briggs}, F.~H. and {Bunton}, J.~D. and {Cappallo}, R.~J. and 
	{Corey}, B.~E. and {Deshpande}, A. and {deSouza}, L. and {Emrich}, D. and 
	{Gaensler}, B.~M. and {Goeke}, R. and {Greenhill}, L.~J. and 
	{Herne}, D. and {Hewitt}, J.~N. and {Johnston-Hollitt}, M. and 
	{Kaplan}, D.~L. and {Kasper}, J.~C. and {Kincaid}, B.~B. and 
	{Koenig}, R. and {Kratzenberg}, E. and {Lonsdale}, C.~J. and 
	{Lynch}, M.~J. and {McWhirter}, S.~R. and {Mitchell}, D.~A. and 
	{Morgan}, E. and {Oberoi}, D. and {Ord}, S.~M. and {Pathikulangara}, J. and 
	{Prabu}, T. and {Remillard}, R.~A. and {Rogers}, A.~E.~E. and 
	{Roshi}, A. and {Salah}, J.~E. and {Sault}, R.~J. and {Udaya}, S.~N. and 
	{Srivani}, K.~S. and {Stevens}, J. and {Subrahmanyan}, R. and 
	{Tingay}, S.~J. and {Wayth}, R.~B. and {Waterson}, M. and {Webster}, R.~L. and 
	{Whitney}, A.~R. and {Williams}, A. and {Williams}, C.~L. and 
	{Wyithe}, J.~S.~B.},
    title = "{The EoR sensitivity of the Murchison Widefield Array}",
  journal = {\mnras},
archivePrefix = "arXiv",
   eprint = {1204.3111},
 primaryClass = "astro-ph.IM",
 keywords = {instrumentation: interferometers, cosmology: miscellaneous},
     year = 2013,
    month = feb,
   volume = 429,
    pages = {L5-L9},
      doi = {10.1093/mnrasl/sls013},
   adsurl = {http://adsabs.harvard.edu/abs/2013MNRAS.429L...5B},
  adsnote = {Provided by the SAO/NASA Astrophysics Data System}
}

@ARTICLE{ber09,
   author = {{Bernardi}, G. and {de Bruyn}, A.~G. and {Brentjens}, M.~A. and 
	{Ciardi}, B. and {Harker}, G. and {Jeli{\'c}}, V. and {Koopmans}, L.~V.~E. and 
	{Labropoulos}, P. and {Offringa}, A. and {Pandey}, V.~N. and 
	{Schaye}, J. and {Thomas}, R.~M. and {Yatawatta}, S. and {Zaroubi}, S.
	},
    title = "{Foregrounds for observations of the cosmological 21 cm line. I. First Westerbork measurements of Galactic emission at 150 MHz in a low latitude field}",
  journal = {\aap},
archivePrefix = "arXiv",
   eprint = {0904.0404},
 primaryClass = "astro-ph.CO",
 keywords = {polarization, cosmology: diffuse radiation, cosmology: observations, radio continuum: general, ISM: general, ISM: magnetic fields},
     year = 2009,
    month = jun,
   volume = 500,
    pages = {965-979},
      doi = {10.1051/0004-6361/200911627},
   adsurl = {http://adsabs.harvard.edu/abs/2009A%26A...500..965B},
  adsnote = {Provided by the SAO/NASA Astrophysics Data System}
}

@ARTICLE{ber10,
   author = {{Bernardi}, G. and {de Bruyn}, A.~G. and {Harker}, G. and {Brentjens}, M.~A. and 
	{Ciardi}, B. and {Jeli{\'c}}, V. and {Koopmans}, L.~V.~E. and 
	{Labropoulos}, P. and {Offringa}, A. and {Pandey}, V.~N. and 
	{Schaye}, J. and {Thomas}, R.~M. and {Yatawatta}, S. and {Zaroubi}, S.
	},
    title = "{Foregrounds for observations of the cosmological 21 cm line. II. Westerbork observations of the fields around 3C 196 and the North Celestial Pole}",
  journal = {\aap},
archivePrefix = "arXiv",
   eprint = {1002.4177},
 primaryClass = "astro-ph.CO",
 keywords = {polarization, diffuse radiation, cosmology: observations, ISM: general},
     year = 2010,
    month = nov,
   volume = 522,
      eid = {A67},
    pages = {A67},
      doi = {10.1051/0004-6361/200913420},
   adsurl = {http://adsabs.harvard.edu/abs/2010A%26A...522A..67B},
  adsnote = {Provided by the SAO/NASA Astrophysics Data System}
}

@ARTICLE{ber15,
   author = {{Bernardi}, G. and {McQuinn}, M. and {Greenhill}, L.~J.},
    title = "{Foreground Model and Antenna Calibration Errors in the Measurement of the Sky-averaged {$\lambda$}21 cm Signal at z\~{} 20}",
  journal = {\apj},
archivePrefix = "arXiv",
   eprint = {1404.0887},
 keywords = {cosmology: observations, dark ages, reionization, first stars, early universe, intergalactic medium, methods: observational, techniques: interferometric },
     year = 2015,
    month = jan,
   volume = 799,
      eid = {90},
    pages = {90},
      doi = {10.1088/0004-637X/799/1/90},
   adsurl = {http://adsabs.harvard.edu/abs/2015ApJ...799...90B},
  adsnote = {Provided by the SAO/NASA Astrophysics Data System}
}                  

@ARTICLE{boc99,
   author = {{Bock}, D.~C.-J. and {Large}, M.~I. and {Sadler}, E.~M.},
    title = "{SUMSS: A Wide-Field Radio Imaging Survey of the Southern Sky. I. Science Goals, Survey Design, and Instrumentation}",
  journal = {\aj},
   eprint = {astro-ph/9812083},
 keywords = {INSTRUMENTATION: INTERFEROMETERS, RADIO CONTINUUM, SURVEYS},
     year = 1999,
    month = mar,
   volume = 117,
    pages = {1578-1593},
      doi = {10.1086/300786},
   adsurl = {http://adsabs.harvard.edu/abs/1999AJ....117.1578B},
  adsnote = {Provided by the SAO/NASA Astrophysics Data System}
}                  

@ARTICLE{bow06,
   author = {{Bowman}, J.~D. and {Morales}, M.~F. and {Hewitt}, J.~N.},
    title = "{The Sensitivity of First-Generation Epoch of Reionization Observatories and Their Potential for Differentiating Theoretical Power Spectra}",
  journal = {\apj},
   eprint = {arXiv:astro-ph/0507357},
 keywords = {Cosmology: Early Universe, Galaxies: Intergalactic Medium- Radio Lines: General, Techniques: Interferometric},
     year = 2006,
    month = feb,
   volume = 638,
    pages = {20-26},
      doi = {10.1086/498703},
   adsurl = {http://adsabs.harvard.edu/abs/2006ApJ...638...20B},
  adsnote = {Provided by the SAO/NASA Astrophysics Data System}
}

@ARTICLE{bow07,
   author = {{Bowman}, J.~D. and {Morales}, M.~F. and {Hewitt}, J.~N.},
    title = "{Constraints on Fundamental Cosmological Parameters with Upcoming Redshifted 21 cm Observations}",
  journal = {\apj},
   eprint = {arXiv:astro-ph/0512262},
 keywords = {Cosmology: Early Universe, Galaxies: Intergalactic Medium, Radio Lines: General, Techniques: Interferometric},
     year = 2007,
    month = may,
   volume = 661,
    pages = {1-9},
      doi = {10.1086/516560},
   adsurl = {http://adsabs.harvard.edu/abs/2007ApJ...661....1B},
  adsnote = {Provided by the SAO/NASA Astrophysics Data System}
}

@ARTICLE{bow07b,
   author = {{Bowman}, J.~D. and {Barnes}, D.~G. and {Briggs}, F.~H. and 
	{Corey}, B.~E. and {Lynch}, M.~J. and {Bhat}, N.~D.~R. and {Cappallo}, R.~J. and 
	{Doeleman}, S.~S. and {Fanous}, B.~J. and {Herne}, D. and {Hewitt}, J.~N. and 
	{Johnston}, C. and {Kasper}, J.~C. and {Kocz}, J. and {Kratzenberg}, E. and 
	{Lonsdale}, C.~J. and {Morales}, M.~F. and {Oberoi}, D. and 
	{Salah}, J.~E. and {Stansby}, B. and {Stevens}, J. and {Torr}, G. and 
	{Wayth}, R. and {Webster}, R.~L. and {Wyithe}, J.~S.~B.},
    title = "{Field Deployment of Prototype Antenna Tiles for the Mileura Widefield Array Low Frequency Demonstrator}",
  journal = {\aj},
   eprint = {astro-ph/0611751},
 keywords = {instrumentation: interferometers, radio continuum: general, site testing, telescopes},
     year = 2007,
    month = apr,
   volume = 133,
    pages = {1505-1518},
      doi = {10.1086/511068},
   adsurl = {http://adsabs.harvard.edu/abs/2007AJ....133.1505B},
  adsnote = {Provided by the SAO/NASA Astrophysics Data System}
}
                  
@ARTICLE{bow09,
   author = {{Bowman}, J.~D. and {Morales}, M.~F. and {Hewitt}, J.~N.},
    title = "{Foreground Contamination in Interferometric Measurements of the Redshifted 21 cm Power Spectrum}",
  journal = {\apj},
archivePrefix = "arXiv",
   eprint = {0807.3956},
 keywords = {early universe, intergalactic medium, methods: data analysis, radio lines: general, techniques: interferometric},
     year = 2009,
    month = apr,
   volume = 695,
    pages = {183-199},
      doi = {10.1088/0004-637X/695/1/183},
   adsurl = {http://adsabs.harvard.edu/abs/2009ApJ...695..183B},
  adsnote = {Provided by the SAO/NASA Astrophysics Data System}
}

@ARTICLE{bow13,
   author = {{Bowman}, J.~D. and {Cairns}, I. and {Kaplan}, D.~L. and {Murphy}, T. and 
	{Oberoi}, D. and {Staveley-Smith}, L. and {Arcus}, W. and {Barnes}, D.~G. and 
	{Bernardi}, G. and {Briggs}, F.~H. and {Brown}, S. and {Bunton}, J.~D. and 
	{Burgasser}, A.~J. and {Cappallo}, R.~J. and {Chatterjee}, S. and 
	{Corey}, B.~E. and {Coster}, A. and {Deshpande}, A. and {deSouza}, L. and 
	{Emrich}, D. and {Erickson}, P. and {Goeke}, R.~F. and {Gaensler}, B.~M. and 
	{Greenhill}, L.~J. and {Harvey-Smith}, L. and {Hazelton}, B.~J. and 
	{Herne}, D. and {Hewitt}, J.~N. and {Johnston-Hollitt}, M. and 
	{Kasper}, J.~C. and {Kincaid}, B.~B. and {Koenig}, R. and {Kratzenberg}, E. and 
	{Lonsdale}, C.~J. and {Lynch}, M.~J. and {Matthews}, L.~D. and 
	{McWhirter}, S.~R. and {Mitchell}, D.~A. and {Morales}, M.~F. and 
	{Morgan}, E.~H. and {Ord}, S.~M. and {Pathikulangara}, J. and 
	{Prabu}, T. and {Remillard}, R.~A. and {Robishaw}, T. and {Rogers}, A.~E.~E. and 
	{Roshi}, A.~A. and {Salah}, J.~E. and {Sault}, R.~J. and {Shankar}, N.~U. and 
	{Srivani}, K.~S. and {Stevens}, J.~B. and {Subrahmanyan}, R. and 
	{Tingay}, S.~J. and {Wayth}, R.~B. and {Waterson}, M. and {Webster}, R.~L. and 
	{Whitney}, A.~R. and {Williams}, A.~J. and {Williams}, C.~L. and 
	{Wyithe}, J.~S.~B.},
    title = "{Science with the Murchison Widefield Array}",
  journal = {\pasa},
archivePrefix = "arXiv",
   eprint = {1212.5151},
 primaryClass = "astro-ph.IM",
 keywords = {dark ages, reionisation, first stars, instrumentation: interferometers, radio continuum: general, radio lines: general, Sun: general},
     year = 2013,
    month = apr,
   volume = 30,
      eid = {e031},
    pages = {31},
      doi = {10.1017/pas.2013.009},
   adsurl = {http://adsabs.harvard.edu/abs/2013PASA...30...31B},
  adsnote = {Provided by the SAO/NASA Astrophysics Data System}
}

@ARTICLE{cen03,
   author = {{Cen}, R.},
    title = "{The Universe Was Reionized Twice}",
  journal = {\apj},
   eprint = {arXiv:astro-ph/0210473},
 keywords = {Cosmology: Cosmic Microwave Background, Cosmology: Theory, Galaxies: Intergalactic Medium, Stars: Supernovae: General},
     year = 2003,
    month = jul,
   volume = 591,
    pages = {12-37},
      doi = {10.1086/375217},
   adsurl = {http://adsabs.harvard.edu/abs/2003ApJ...591...12C},
  adsnote = {Provided by the SAO/NASA Astrophysics Data System}
}

@ARTICLE{con74,
   author = {{Condon}, J.~J.},
    title = "{Confusion and Flux-Density Error Distributions}",
  journal = {\apj},
     year = 1974,
    month = mar,
   volume = 188,
    pages = {279-286},
      doi = {10.1086/152714},
   adsurl = {http://adsabs.harvard.edu/abs/1974ApJ...188..279C},
  adsnote = {Provided by the SAO/NASA Astrophysics Data System}
}

@ARTICLE{con98,
   author = {{Condon}, J.~J. and {Cotton}, W.~D. and {Greisen}, E.~W. and 
	{Yin}, Q.~F. and {Perley}, R.~A. and {Taylor}, G.~B. and {Broderick}, J.~J.
	},
    title = "{The NRAO VLA Sky Survey}",
  journal = {\aj},
 keywords = {CATALOGS, METHODS: DATA ANALYSIS, METHODS: OBSERVATIONAL, RADIO CONTINUUM, SURVEYS},
     year = 1998,
    month = may,
   volume = 115,
    pages = {1693-1716},
      doi = {10.1086/300337},
   adsurl = {http://adsabs.harvard.edu/abs/1998AJ....115.1693C},
  adsnote = {Provided by the SAO/NASA Astrophysics Data System}
}

@ARTICLE{dat10,
   author = {{Datta}, A. and {Bowman}, J.~D. and {Carilli}, C.~L.},
    title = "{Bright Source Subtraction Requirements for Redshifted 21 cm Measurements}",
  journal = {\apj},
archivePrefix = "arXiv",
   eprint = {1005.4071},
 primaryClass = "astro-ph.CO",
 keywords = {early universe, intergalactic medium, methods: data analysis, radio lines: general, techniques: interferometric},
     year = 2010,
    month = nov,
   volume = 724,
    pages = {526-538},
      doi = {10.1088/0004-637X/724/1/526},
   adsurl = {http://adsabs.harvard.edu/abs/2010ApJ...724..526D},
  adsnote = {Provided by the SAO/NASA Astrophysics Data System}
}

@ARTICLE{deo08,
   author = {{de Oliveira-Costa}, A. and {Tegmark}, M. and {Gaensler}, B.~M. and 
	{Jonas}, J. and {Landecker}, T.~L. and {Reich}, P.},
    title = "{A model of diffuse Galactic radio emission from 10 MHz to 100 GHz}",
  journal = {\mnras},
archivePrefix = "arXiv",
   eprint = {0802.1525},
 keywords = {methods: data analysis , astronomical data bases: miscellaneous , ISM: structure , diffuse radiation , radio continuum: ISM},
     year = 2008,
    month = jul,
   volume = 388,
    pages = {247-260},
      doi = {10.1111/j.1365-2966.2008.13376.x},
   adsurl = {http://adsabs.harvard.edu/abs/2008MNRAS.388..247D},
  adsnote = {Provided by the SAO/NASA Astrophysics Data System}
}                  

@article{dil13,
  title = {A fast method for power spectrum and foreground analysis for 21 cm cosmology},
  author = {Dillon, Joshua S. and Liu, Adrian and Tegmark, Max},
  journal = {Phys. Rev. D},
  volume = {87},
  issue = {4},
  pages = {043005},
  numpages = {30},
  year = {2013},
  month = {Feb},
  publisher = {American Physical Society},
  doi = {10.1103/PhysRevD.87.043005},
  url = {http://link.aps.org/doi/10.1103/PhysRevD.87.043005}
}

@ARTICLE{dil14,
   author = {{Dillon}, J.~S. and {Liu}, A. and {Williams}, C.~L. and {Hewitt}, J.~N. and 
	{Tegmark}, M. and {Morgan}, E.~H. and {Levine}, A.~M. and {Morales}, M.~F. and 
	{Tingay}, S.~J. and {Bernardi}, G. and {Bowman}, J.~D. and {Briggs}, F.~H. and 
	{Cappallo}, R.~C. and {Emrich}, D. and {Mitchell}, D.~A. and 
	{Oberoi}, D. and {Prabu}, T. and {Wayth}, R. and {Webster}, R.~L.
	},
    title = "{Overcoming real-world obstacles in 21 cm power spectrum estimation: A method demonstration and results from early Murchison Widefield Array data}",
  journal = {\prd},
archivePrefix = "arXiv",
   eprint = {1304.4229},
 primaryClass = "astro-ph.CO",
 keywords = {Observation and data reduction techniques, computer modeling and simulation, Radio microwave, Cosmology, Observational cosmology},
     year = 2014,
    month = jan,
   volume = 89,
   number = 2,
      eid = {023002},
    pages = {023002},
      doi = {10.1103/PhysRevD.89.023002},
   adsurl = {http://adsabs.harvard.edu/abs/2014PhRvD..89b3002D},
  adsnote = {Provided by the SAO/NASA Astrophysics Data System}
}

@ARTICLE{dim02,
   author = {{Di Matteo}, T. and {Perna}, R. and {Abel}, T. and {Rees}, M.~J.
	},
    title = "{Radio Foregrounds for the 21 Centimeter Tomography of the Neutral Intergalactic Medium at High Redshifts}",
  journal = {\apj},
   eprint = {arXiv:astro-ph/0109241},
 keywords = {Cosmology: Early Universe, Galaxies: General},
     year = 2002,
    month = jan,
   volume = 564,
    pages = {576-580},
      doi = {10.1086/324293},
   adsurl = {http://adsabs.harvard.edu/abs/2002ApJ...564..576D},
  adsnote = {Provided by the SAO/NASA Astrophysics Data System}
}

@ARTICLE{dim04,
   author = {{Di Matteo}, T. and {Ciardi}, B. and {Miniati}, F.},
    title = "{The 21-cm emission from the reionization epoch: extended and point source foregrounds}",
  journal = {\mnras},
   eprint = {astro-ph/0402322},
 keywords = {galaxies: active, intergalactic medium, cosmology: theory, diffuse radiation, radio continuum: general},
     year = 2004,
    month = dec,
   volume = 355,
    pages = {1053-1065},
      doi = {10.1111/j.1365-2966.2004.08443.x},
   adsurl = {http://adsabs.harvard.edu/abs/2004MNRAS.355.1053D},
  adsnote = {Provided by the SAO/NASA Astrophysics Data System}
}
                  
@ARTICLE{djo01,
   author = {{Djorgovski}, S.~G. and {Castro}, S. and {Stern}, D. and {Mahabal}, A.~A.
	},
    title = "{On the Threshold of the Reionization Epoch}",
  journal = {\apjl},
   eprint = {arXiv:astro-ph/0108069},
 keywords = {Cosmology: Observations, Galaxies: Formation, Galaxies: Quasars: Individual: Alphanumeric: SDSS 1044-0125},
     year = 2001,
    month = oct,
   volume = 560,
    pages = {L5-L8},
      doi = {10.1086/324175},
   adsurl = {http://adsabs.harvard.edu/abs/2001ApJ...560L...5D},
  adsnote = {Provided by the SAO/NASA Astrophysics Data System}
}

@ARTICLE{fan02,
   author = {{Fan}, X. and {Narayanan}, V.~K. and {Strauss}, M.~A. and {White}, R.~L. and 
	{Becker}, R.~H. and {Pentericci}, L. and {Rix}, H.-W.},
    title = "{Evolution of the Ionizing Background and the Epoch of Reionization from the Spectra of z\~{}6 Quasars}",
  journal = {\aj},
   eprint = {arXiv:astro-ph/0111184},
 keywords = {Galaxies: Intergalactic Medium, Galaxies: Quasars: Absorption Lines},
     year = 2002,
    month = mar,
   volume = 123,
    pages = {1247-1257},
      doi = {10.1086/339030},
   adsurl = {http://adsabs.harvard.edu/abs/2002AJ....123.1247F},
  adsnote = {Provided by the SAO/NASA Astrophysics Data System}
}

@ARTICLE{fur04,
   author = {{Furlanetto}, S.~R. and {Briggs}, F.~H.},
    title = "{21 cm tomography of the high-redshift universe with the Square Kilometer Array}",
  journal = {\nar},
   eprint = {arXiv:astro-ph/0409205},
     year = 2004,
    month = dec,
   volume = 48,
    pages = {1039-1052},
      doi = {10.1016/j.newar.2004.09.034},
   adsurl = {http://adsabs.harvard.edu/abs/2004NewAR..48.1039F},
  adsnote = {Provided by the SAO/NASA Astrophysics Data System}
}

@ARTICLE{fur06,
   author = {{Furlanetto}, S.~R. and {Oh}, S.~P. and {Briggs}, F.~H.},
    title = "{Cosmology at low frequencies: The 21 cm transition and the high-redshift Universe}",
  journal = {\physrep},
   eprint = {arXiv:astro-ph/0608032},
     year = 2006,
    month = oct,
   volume = 433,
    pages = {181-301},
      doi = {10.1016/j.physrep.2006.08.002},
   adsurl = {http://adsabs.harvard.edu/abs/2006PhR...433..181F},
  adsnote = {Provided by the SAO/NASA Astrophysics Data System}
}

@ARTICLE{gho12,
   author = {{Ghosh}, A. and {Prasad}, J. and {Bharadwaj}, S. and {Ali}, S.~S. and 
	{Chengalur}, J.~N.},
    title = "{Characterizing foreground for redshifted 21 cm radiation: 150 MHz Giant Metrewave Radio Telescope observations}",
  journal = {\mnras},
archivePrefix = "arXiv",
   eprint = {1208.1617},
 primaryClass = "astro-ph.CO",
 keywords = {techniques: interferometric, diffuse radiation, radio continuum: general},
     year = 2012,
    month = nov,
   volume = 426,
    pages = {3295-3314},
      doi = {10.1111/j.1365-2966.2012.21889.x},
   adsurl = {http://adsabs.harvard.edu/abs/2012MNRAS.426.3295G},
  adsnote = {Provided by the SAO/NASA Astrophysics Data System}
}

@ARTICLE{gle08,
   author = {{Gleser}, L. and {Nusser}, A. and {Benson}, A.~J.},
    title = "{Decontamination of cosmological 21-cm maps}",
  journal = {\mnras},
archivePrefix = "arXiv",
   eprint = {0712.0497},
 keywords = {intergalactic medium , cosmology: theory , diffuse radiation , large-scale structure of Universe , radio lines: general},
     year = 2008,
    month = nov,
   volume = 391,
    pages = {383-398},
      doi = {10.1111/j.1365-2966.2008.13897.x},
   adsurl = {http://adsabs.harvard.edu/abs/2008MNRAS.391..383G},
  adsnote = {Provided by the SAO/NASA Astrophysics Data System}
}

@ARTICLE{gne04,
   author = {{Gnedin}, N.~Y. and {Shaver}, P.~A.},
    title = "{Redshifted 21 Centimeter Emission from the Pre-Reionization Era. I. Mean Signal and Linear Fluctuations}",
  journal = {\apj},
   eprint = {astro-ph/0312005},
 keywords = {Cosmology: Theory, Cosmology: Diffuse Radiation, Galaxies: Formation, Galaxies: Intergalactic Medium, Cosmology: Large-Scale Structure of Universe, Radio Lines: General},
     year = 2004,
    month = jun,
   volume = 608,
    pages = {611-621},
      doi = {10.1086/420735},
   adsurl = {http://adsabs.harvard.edu/abs/2004ApJ...608..611G},
  adsnote = {Provided by the SAO/NASA Astrophysics Data System}
}                  

@ARTICLE{hai03,
   author = {{Haiman}, Z. and {Holder}, G.~P.},
    title = "{The Reionization History at High Redshifts. I. Physical Models and New Constraints from Cosmic Microwave Background Polarization}",
  journal = {\apj},
   eprint = {arXiv:astro-ph/0302403},
 keywords = {Cosmology: Cosmic Microwave Background, Cosmology: Theory, Galaxies: Formation},
     year = 2003,
    month = sep,
   volume = 595,
    pages = {1-12},
      doi = {10.1086/377337},
   adsurl = {http://adsabs.harvard.edu/abs/2003ApJ...595....1H},
  adsnote = {Provided by the SAO/NASA Astrophysics Data System}
}

@ARTICLE{has82,
   author = {{Haslam}, C.~G.~T. and {Salter}, C.~J. and {Stoffel}, H. and 
	{Wilson}, W.~E.},
    title = "{A 408 MHz all-sky continuum survey. II - The atlas of contour maps}",
  journal = {\aaps},
 keywords = {Astronomical Maps, Radio Astronomy, Ultrahigh Frequencies, Galactic Structure, Radio Telescopes, Relief Maps},
     year = 1982,
    month = jan,
   volume = 47,
    pages = {1},
   adsurl = {http://adsabs.harvard.edu/abs/1982A%26AS...47....1H},
  adsnote = {Provided by the SAO/NASA Astrophysics Data System}
}                  

@ARTICLE{haz13,
   author = {{Hazelton}, B.~J. and {Morales}, M.~F. and {Sullivan}, I.~S.
	},
    title = "{The Fundamental Multi-baseline Mode-mixing Foreground in 21{\nbsp}cm Epoch of Reionization Observations}",
  journal = {\apj},
archivePrefix = "arXiv",
   eprint = {1301.3126},
 primaryClass = "astro-ph.IM",
 keywords = {cosmology: observations, methods: data analysis, techniques: interferometric },
     year = 2013,
    month = jun,
   volume = 770,
      eid = {156},
    pages = {156},
      doi = {10.1088/0004-637X/770/2/156},
   adsurl = {http://adsabs.harvard.edu/abs/2013ApJ...770..156H},
  adsnote = {Provided by the SAO/NASA Astrophysics Data System}
}
                 

@ARTICLE{hog99,
   author = {{Hogg}, D.~W.},
    title = "{Distance measures in cosmology}",
  journal = {ArXiv Astrophysics e-prints},
   eprint = {arXiv:astro-ph/9905116},
 keywords = {Astrophysics},
     year = 1999,
    month = may,
   adsurl = {http://adsabs.harvard.edu/abs/1999astro.ph..5116H},
  adsnote = {Provided by the SAO/NASA Astrophysics Data System}
}

@ARTICLE{hop03,
   author = {{Hopkins}, A.~M. and {Afonso}, J. and {Chan}, B. and {Cram}, L.~E. and 
	{Georgakakis}, A. and {Mobasher}, B.},
    title = "{The Phoenix Deep Survey: The 1.4 GHz Microjansky Catalog}",
  journal = {\aj},
   eprint = {arXiv:astro-ph/0211068},
 keywords = {Galaxies: Evolution, Galaxies: General, Galaxies: Starburst, Radio Continuum, Surveys},
     year = 2003,
    month = feb,
   volume = 125,
    pages = {465-477},
      doi = {10.1086/345974},
   adsurl = {http://adsabs.harvard.edu/abs/2003AJ....125..465H},
  adsnote = {Provided by the SAO/NASA Astrophysics Data System}
}

@ARTICLE{hur14,
   author = {{Hurley-Walker}, N. and {Morgan}, J. and {Wayth}, R.~B. and 
	{Hancock}, P.~J. and {Bell}, M.~E. and {Bernardi}, G. and {Bhat}, R. and 
	{Briggs}, F. and {Deshpande}, A.~A. and {Ewall-Wice}, A. and 
	{Feng}, L. and {Hazelton}, B.~J. and {Hindson}, L. and {Jacobs}, D.~C. and 
	{Kaplan}, D.~L. and {Kudryavtseva}, N. and {Lenc}, E. and {McKinley}, B. and 
	{Mitchell}, D. and {Pindor}, B. and {Procopio}, P. and {Oberoi}, D. and 
	{Offringa}, A. and {Ord}, S. and {Riding}, J. and {Bowman}, J.~D. and 
	{Cappallo}, R. and {Corey}, B. and {Emrich}, D. and {Gaensler}, B.~M. and 
	{Goeke}, R. and {Greenhill}, L. and {Hewitt}, J. and {Johnston-Hollitt}, M. and 
	{Kasper}, J. and {Kratzenberg}, E. and {Lonsdale}, C. and {Lynch}, M. and 
	{McWhirter}, R. and {Morales}, M.~F. and {Morgan}, E. and {Prabu}, T. and 
	{Rogers}, A. and {Roshi}, A. and {Shankar}, U. and {Srivani}, K. and 
	{Subrahmanyan}, R. and {Tingay}, S. and {Waterson}, M. and {Webster}, R. and 
	{Whitney}, A. and {Williams}, A. and {Williams}, C.},
    title = "{The Murchison Widefield Array Commissioning Survey: A Low-Frequency Catalogue of 14 110 Compact Radio Sources over 6 100 Square Degrees}",
  journal = {\pasa},
archivePrefix = "arXiv",
   eprint = {1410.0790},
 primaryClass = "astro-ph.IM",
 keywords = {radio continuum: general, surveys, techniques: interferometric},
     year = 2014,
    month = nov,
   volume = 31,
      eid = {e045},
    pages = {45},
      doi = {10.1017/pasa.2014.40},
   adsurl = {http://adsabs.harvard.edu/abs/2014PASA...31...45H},
  adsnote = {Provided by the SAO/NASA Astrophysics Data System}
}
                  
@ARTICLE{ili02,
   author = {{Iliev}, I.~T. and {Shapiro}, P.~R. and {Ferrara}, A. and {Martel}, H.
	},
    title = "{On the Direct Detectability of the Cosmic Dark Ages: 21 Centimeter Emission from Minihalos}",
  journal = {\apjl},
   eprint = {arXiv:astro-ph/0202410},
 keywords = {Cosmology: Theory, Cosmology: Diffuse Radiation, Galaxies: Formation, Galaxies: Intergalactic Medium, Cosmology: Large-Scale Structure of Universe, Radio Lines: Galaxies},
     year = 2002,
    month = jun,
   volume = 572,
    pages = {L123-L126},
      doi = {10.1086/341869},
   adsurl = {http://adsabs.harvard.edu/abs/2002ApJ...572L.123I},
  adsnote = {Provided by the SAO/NASA Astrophysics Data System}
}

@ARTICLE{int09,
   author = {{Intema}, H.~T. and {van der Tol}, S. and {Cotton}, W.~D. and 
	{Cohen}, A.~S. and {van Bemmel}, I.~M. and {R{\"o}ttgering}, H.~J.~A.
	},
    title = "{Ionospheric calibration of low frequency radio interferometric observations using the peeling scheme. I. Method description and first results}",
  journal = {\aap},
archivePrefix = "arXiv",
   eprint = {0904.3975},
 primaryClass = "astro-ph.IM",
 keywords = {atmospheric effects, methods: numerical, techniques: interferometric},
     year = 2009,
    month = jul,
   volume = 501,
    pages = {1185-1205},
      doi = {10.1051/0004-6361/200811094},
   adsurl = {http://adsabs.harvard.edu/abs/2009A%26A...501.1185I},
  adsnote = {Provided by the SAO/NASA Astrophysics Data System}
}
                  
@ARTICLE{ish10,
   author = {{Ishwara-Chandra}, C.~H. and {Sirothia}, S.~K. and {Wadadekar}, Y. and 
	{Pal}, S. and {Windhorst}, R.},
    title = "{Deep GMRT 150-MHz observations of the LBDS-Lynx region: ultrasteep spectrum radio sources}",
  journal = {\mnras},
archivePrefix = "arXiv",
   eprint = {1002.0691},
 primaryClass = "astro-ph.CO",
 keywords = {galaxies: active, galaxies: high-redshift, radio continuum: galaxies},
     year = 2010,
    month = jun,
   volume = 405,
    pages = {436-446},
      doi = {10.1111/j.1365-2966.2010.16452.x},
   adsurl = {http://adsabs.harvard.edu/abs/2010MNRAS.405..436I},
  adsnote = {Provided by the SAO/NASA Astrophysics Data System}
}

@ARTICLE{jar11,
   author = {{Jarosik}, N. and {Bennett}, C.~L. and {Dunkley}, J. and {Gold}, B. and 
	{Greason}, M.~R. and {Halpern}, M. and {Hill}, R.~S. and {Hinshaw}, G. and 
	{Kogut}, A. and {Komatsu}, E. and {Larson}, D. and {Limon}, M. and 
	{Meyer}, S.~S. and {Nolta}, M.~R. and {Odegard}, N. and {Page}, L. and 
	{Smith}, K.~M. and {Spergel}, D.~N. and {Tucker}, G.~S. and 
	{Weiland}, J.~L. and {Wollack}, E. and {Wright}, E.~L.},
    title = "{Seven-year Wilkinson Microwave Anisotropy Probe (WMAP) Observations: Sky Maps, Systematic Errors, and Basic Results}",
  journal = {\apjs},
archivePrefix = "arXiv",
   eprint = {1001.4744},
 primaryClass = "astro-ph.CO",
 keywords = {cosmic background radiation, space vehicles: instruments},
     year = 2011,
    month = feb,
   volume = 192,
      eid = {14},
    pages = {14},
      doi = {10.1088/0067-0049/192/2/14},
   adsurl = {http://adsabs.harvard.edu/abs/2011ApJS..192...14J},
  adsnote = {Provided by the SAO/NASA Astrophysics Data System}
}

@ARTICLE{jun96,
   author = {{Jungman}, G. and {Kamionkowski}, M. and {Kosowsky}, A. and 
	{Spergel}, D.~N.},
    title = "{Cosmological-parameter determination with microwave background maps}",
  journal = {\prd},
   eprint = {arXiv:astro-ph/9512139},
 keywords = {Background radiations, Origin and formation of the Universe, Observational cosmology},
     year = 1996,
    month = jul,
   volume = 54,
    pages = {1332-1344},
      doi = {10.1103/PhysRevD.54.1332},
   adsurl = {http://adsabs.harvard.edu/abs/1996PhRvD..54.1332J},
  adsnote = {Provided by the SAO/NASA Astrophysics Data System}
}

@ARTICLE{kel64,
   author = {{Kellermann}, K.~I.},
    title = "{The Spectra of Non-Thermal Radio Sources.}",
  journal = {\apj},
     year = 1964,
    month = oct,
   volume = 140,
    pages = {969},
      doi = {10.1086/147998},
   adsurl = {http://adsabs.harvard.edu/abs/1964ApJ...140..969K},
  adsnote = {Provided by the SAO/NASA Astrophysics Data System}
}

@ARTICLE{kog03,
   author = {{Kogut}, A. and {Spergel}, D.~N. and {Barnes}, C. and {Bennett}, C.~L. and 
	{Halpern}, M. and {Hinshaw}, G. and {Jarosik}, N. and {Limon}, M. and 
	{Meyer}, S.~S. and {Page}, L. and {Tucker}, G.~S. and {Wollack}, E. and 
	{Wright}, E.~L.},
    title = "{First-Year Wilkinson Microwave Anisotropy Probe (WMAP) Observations: Temperature-Polarization Correlation}",
  journal = {\apjs},
   eprint = {arXiv:astro-ph/0302213},
 keywords = {Cosmology: Cosmic Microwave Background, Cosmology: Observations, Instrumentation: Polarimeters},
     year = 2003,
    month = sep,
   volume = 148,
    pages = {161-173},
      doi = {10.1086/377219},
   adsurl = {http://adsabs.harvard.edu/abs/2003ApJS..148..161K},
  adsnote = {Provided by the SAO/NASA Astrophysics Data System}
}

@ARTICLE{kom11,
   author = {{Komatsu}, E. and {Smith}, K.~M. and {Dunkley}, J. and {Bennett}, C.~L. and 
	{Gold}, B. and {Hinshaw}, G. and {Jarosik}, N. and {Larson}, D. and 
	{Nolta}, M.~R. and {Page}, L. and {Spergel}, D.~N. and {Halpern}, M. and 
	{Hill}, R.~S. and {Kogut}, A. and {Limon}, M. and {Meyer}, S.~S. and 
	{Odegard}, N. and {Tucker}, G.~S. and {Weiland}, J.~L. and {Wollack}, E. and 
	{Wright}, E.~L.},
    title = "{Seven-year Wilkinson Microwave Anisotropy Probe (WMAP) Observations: Cosmological Interpretation}",
  journal = {\apjs},
archivePrefix = "arXiv",
   eprint = {1001.4538},
 primaryClass = "astro-ph.CO",
 keywords = {cosmic background radiation, cosmology: observations, dark matter, early universe, space vehicles},
     year = 2011,
    month = feb,
   volume = 192,
      eid = {18},
    pages = {18},
      doi = {10.1088/0067-0049/192/2/18},
   adsurl = {http://adsabs.harvard.edu/abs/2011ApJS..192...18K},
  adsnote = {Provided by the SAO/NASA Astrophysics Data System}
}

@ARTICLE{lar11,
   author = {{Larson}, D. and {Dunkley}, J. and {Hinshaw}, G. and {Komatsu}, E. and 
	{Nolta}, M.~R. and {Bennett}, C.~L. and {Gold}, B. and {Halpern}, M. and 
	{Hill}, R.~S. and {Jarosik}, N. and {Kogut}, A. and {Limon}, M. and 
	{Meyer}, S.~S. and {Odegard}, N. and {Page}, L. and {Smith}, K.~M. and 
	{Spergel}, D.~N. and {Tucker}, G.~S. and {Weiland}, J.~L. and 
	{Wollack}, E. and {Wright}, E.~L.},
    title = "{Seven-year Wilkinson Microwave Anisotropy Probe (WMAP) Observations: Power Spectra and WMAP-derived Parameters}",
  journal = {\apjs},
archivePrefix = "arXiv",
   eprint = {1001.4635},
 primaryClass = "astro-ph.CO",
 keywords = {cosmic background radiation, cosmological parameters, cosmology: observations, dark matter, early universe, space vehicles: instruments},
     year = 2011,
    month = feb,
   volume = 192,
      eid = {16},
    pages = {16},
      doi = {10.1088/0067-0049/192/2/16},
   adsurl = {http://adsabs.harvard.edu/abs/2011ApJS..192...16L},
  adsnote = {Provided by the SAO/NASA Astrophysics Data System}
}

@ARTICLE{lid08,
   author = {{Lidz}, A. and {Zahn}, O. and {McQuinn}, M. and {Zaldarriaga}, M. and 
	{Hernquist}, L.},
    title = "{Detecting the Rise and Fall of 21 cm Fluctuations with the Murchison Widefield Array}",
  journal = {\apj},
archivePrefix = "arXiv",
   eprint = {0711.4373},
 keywords = {Cosmology: Theory, Galaxies: Intergalactic Medium, Cosmology: Large-Scale Structure of Universe},
     year = 2008,
    month = jun,
   volume = 680,
    pages = {962-974},
      doi = {10.1086/587618},
   adsurl = {http://adsabs.harvard.edu/abs/2008ApJ...680..962L},
  adsnote = {Provided by the SAO/NASA Astrophysics Data System}
}

@ARTICLE{liu09,
   author = {{Liu}, A. and {Tegmark}, M. and {Bowman}, J. and {Hewitt}, J. and 
	{Zaldarriaga}, M.},
    title = "{An improved method for 21-cm foreground removal}",
  journal = {\mnras},
archivePrefix = "arXiv",
   eprint = {0903.4890},
 primaryClass = "astro-ph.CO",
 keywords = {methods: data analysis , techniques: interferometric , early Universe , radio lines: general},
     year = 2009,
    month = sep,
   volume = 398,
    pages = {401-406},
      doi = {10.1111/j.1365-2966.2009.15156.x},
   adsurl = {http://adsabs.harvard.edu/abs/2009MNRAS.398..401L},
  adsnote = {Provided by the SAO/NASA Astrophysics Data System}
}

@ARTICLE{liu11,
   author = {{Liu}, A. and {Tegmark}, M.},
    title = "{A method for 21 cm power spectrum estimation in the presence of foregrounds}",
  journal = {\prd},
archivePrefix = "arXiv",
   eprint = {1103.0281},
 primaryClass = "astro-ph.CO",
 keywords = {Observation and data reduction techniques; computer modeling and simulation, Mathematical procedures and computer techniques, Observational cosmology},
     year = 2011,
    month = may,
   volume = 83,
   number = 10,
      eid = {103006},
    pages = {103006},
      doi = {10.1103/PhysRevD.83.103006},
   adsurl = {http://adsabs.harvard.edu/abs/2011PhRvD..83j3006L},
  adsnote = {Provided by the SAO/NASA Astrophysics Data System}
}                  

@ARTICLE{liu14a,
   author = {{Liu}, A. and {Parsons}, A.~R. and {Trott}, C.~M.},
    title = "{Epoch of reionization window. I. Mathematical formalism}",
  journal = {\prd},
archivePrefix = "arXiv",
   eprint = {1404.2596},
 keywords = {Observation and data reduction techniques, computer modeling and simulation, Mathematical procedures and computer techniques, Cosmology, Observational cosmology},
     year = 2014,
    month = jul,
   volume = 90,
   number = 2,
      eid = {023018},
    pages = {023018},
      doi = {10.1103/PhysRevD.90.023018},
   adsurl = {http://adsabs.harvard.edu/abs/2014PhRvD..90b3018L},
  adsnote = {Provided by the SAO/NASA Astrophysics Data System}
}

@ARTICLE{liu14b,
   author = {{Liu}, A. and {Parsons}, A.~R. and {Trott}, C.~M.},
    title = "{Epoch of reionization window. II. Statistical methods for foreground wedge reduction}",
  journal = {\prd},
archivePrefix = "arXiv",
   eprint = {1404.4372},
 keywords = {Observation and data reduction techniques, computer modeling and simulation, Mathematical procedures and computer techniques, Cosmology, Observational cosmology},
     year = 2014,
    month = jul,
   volume = 90,
   number = 2,
      eid = {023019},
    pages = {023019},
      doi = {10.1103/PhysRevD.90.023019},
   adsurl = {http://adsabs.harvard.edu/abs/2014PhRvD..90b3019L},
  adsnote = {Provided by the SAO/NASA Astrophysics Data System}
}
                  
@ARTICLE{lon09,
   author = {{Lonsdale}, C.~J. and {Cappallo}, R.~J. and {Morales}, M.~F. and 
	{Briggs}, F.~H. and {Benkevitch}, L. and {Bowman}, J.~D. and 
	{Bunton}, J.~D. and {Burns}, S. and {Corey}, B.~E. and {Desouza}, L. and 
	{Doeleman}, S.~S. and {Derome}, M. and {Deshpande}, A. and {Gopala}, M.~R. and 
	{Greenhill}, L.~J. and {Herne}, D.~E. and {Hewitt}, J.~N. and 
	{Kamini}, P.~A. and {Kasper}, J.~C. and {Kincaid}, B.~B. and 
	{Kocz}, J. and {Kowald}, E. and {Kratzenberg}, E. and {Kumar}, D. and 
	{Lynch}, M.~J. and {Madhavi}, S. and {Matejek}, M. and {Mitchell}, D.~A. and 
	{Morgan}, E. and {Oberoi}, D. and {Ord}, S. and {Pathikulangara}, J. and 
	{Prabu}, T. and {Rogers}, A. and {Roshi}, A. and {Salah}, J.~E. and 
	{Sault}, R.~J. and {Shankar}, N.~U. and {Srivani}, K.~S. and 
	{Stevens}, J. and {Tingay}, S. and {Vaccarella}, A. and {Waterson}, M. and 
	{Wayth}, R.~B. and {Webster}, R.~L. and {Whitney}, A.~R. and 
	{Williams}, A. and {Williams}, C.},
    title = "{The Murchison Widefield Array: Design Overview}",
  journal = {IEEE Proceedings},
archivePrefix = "arXiv",
   eprint = {0903.1828},
 primaryClass = "astro-ph.IM",
     year = 2009,
    month = aug,
   volume = 97,
    pages = {1497-1506},
      doi = {10.1109/JPROC.2009.2017564},
   adsurl = {http://adsabs.harvard.edu/abs/2009IEEEP..97.1497L},
  adsnote = {Provided by the SAO/NASA Astrophysics Data System}
}

@ARTICLE{mad97,
   author = {{Madau}, P. and {Meiksin}, A. and {Rees}, M.~J.},
    title = "{21 Centimeter Tomography of the Intergalactic Medium at High Redshift}",
  journal = {\apj},
   eprint = {arXiv:astro-ph/9608010},
 keywords = {COSMOLOGY: THEORY, COSMOLOGY: DIFFUSE RADIATION, GALAXIES: INTERGALACTIC MEDIUM, GALAXIES: QUASARS: GENERAL, RADIO LINES: GENERAL},
     year = 1997,
    month = feb,
   volume = 475,
    pages = {429},
      doi = {10.1086/303549},
   adsurl = {http://adsabs.harvard.edu/abs/1997ApJ...475..429M},
  adsnote = {Provided by the SAO/NASA Astrophysics Data System}
}

@ARTICLE{mad04,
   author = {{Madau}, P. and {Rees}, M.~J. and {Volonteri}, M. and {Haardt}, F. and 
	{Oh}, S.~P.},
    title = "{Early Reionization by Miniquasars}",
  journal = {\apj},
   eprint = {arXiv:astro-ph/0310223},
 keywords = {Black Hole Physics, Cosmology: Theory, Galaxies: Evolution, Galaxies: Intergalactic Medium, Galaxies: Quasars: General},
     year = 2004,
    month = apr,
   volume = 604,
    pages = {484-494},
      doi = {10.1086/381935},
   adsurl = {http://adsabs.harvard.edu/abs/2004ApJ...604..484M},
  adsnote = {Provided by the SAO/NASA Astrophysics Data System}
}

@ARTICLE{mal13,
   author = {{Malloy}, M. and {Lidz}, A.},
    title = "{Identifying Ionized Regions in Noisy Redshifted 21{\nbsp}cm Data Sets}",
  journal = {\apj},
archivePrefix = "arXiv",
   eprint = {1212.2656},
 primaryClass = "astro-ph.CO",
 keywords = {cosmology: theory, intergalactic medium, large-scale structure of universe},
     year = 2013,
    month = apr,
   volume = 767,
      eid = {68},
    pages = {68},
      doi = {10.1088/0004-637X/767/1/68},
   adsurl = {http://adsabs.harvard.edu/abs/2013ApJ...767...68M},
  adsnote = {Provided by the SAO/NASA Astrophysics Data System}
}

@ARTICLE{mau03,
   author = {{Mauch}, T. and {Murphy}, T. and {Buttery}, H.~J. and {Curran}, J. and 
	{Hunstead}, R.~W. and {Piestrzynski}, B. and {Robertson}, J.~G. and 
	{Sadler}, E.~M.},
    title = "{SUMSS: a wide-field radio imaging survey of the southern sky - II. The source catalogue}",
  journal = {\mnras},
   eprint = {astro-ph/0303188},
 keywords = {methods: data analysis, catalogues, surveys, astrometry, galaxies: statistics, radio continuum: general},
     year = 2003,
    month = jul,
   volume = 342,
    pages = {1117-1130},
      doi = {10.1046/j.1365-8711.2003.06605.x},
   adsurl = {http://adsabs.harvard.edu/abs/2003MNRAS.342.1117M},
  adsnote = {Provided by the SAO/NASA Astrophysics Data System}
}

@ARTICLE{mcq06,
   author = {{McQuinn}, M. and {Zahn}, O. and {Zaldarriaga}, M. and {Hernquist}, L. and 
	{Furlanetto}, S.~R.},
    title = "{Cosmological Parameter Estimation Using 21 cm Radiation from the Epoch of Reionization}",
  journal = {\apj},
   eprint = {arXiv:astro-ph/0512263},
 keywords = {Cosmology: Theory, Galaxies: Intergalactic Medium, Radio Lines: General},
     year = 2006,
    month = dec,
   volume = 653,
    pages = {815-834},
      doi = {10.1086/505167},
   adsurl = {http://adsabs.harvard.edu/abs/2006ApJ...653..815M},
  adsnote = {Provided by the SAO/NASA Astrophysics Data System}
}

@ARTICLE{mor04,
   author = {{Morales}, M.~F. and {Hewitt}, J.},
    title = "{Toward Epoch of Reionization Measurements with Wide-Field Radio Observations}",
  journal = {\apj},
   eprint = {arXiv:astro-ph/0312437},
 keywords = {Cosmology: Observations, Cosmology: Early Universe, Radio Lines: General},
     year = 2004,
    month = nov,
   volume = 615,
    pages = {7-18},
      doi = {10.1086/424437},
   adsurl = {http://adsabs.harvard.edu/abs/2004ApJ...615....7M},
  adsnote = {Provided by the SAO/NASA Astrophysics Data System}
}

@ARTICLE{mor05,
   author = {{Morales}, M.~F.},
    title = "{Power Spectrum Sensitivity and the Design of Epoch of Reionization Observatories}",
  journal = {\apj},
   eprint = {arXiv:astro-ph/0406662},
 keywords = {Cosmology: Observations, Radio Lines: General},
     year = 2005,
    month = feb,
   volume = 619,
    pages = {678-683},
      doi = {10.1086/426730},
   adsurl = {http://adsabs.harvard.edu/abs/2005ApJ...619..678M},
  adsnote = {Provided by the SAO/NASA Astrophysics Data System}
}

@ARTICLE{mor06,
   author = {{Morales}, M.~F. and {Bowman}, J.~D. and {Hewitt}, J.~N.},
    title = "{Improving Foreground Subtraction in Statistical Observations of 21 cm Emission from the Epoch of Reionization}",
  journal = {\apj},
   eprint = {astro-ph/0510027},
 keywords = {Cosmology: Observations, Radio Lines: Galaxies},
     year = 2006,
    month = sep,
   volume = 648,
    pages = {767-773},
      doi = {10.1086/506135},
   adsurl = {http://adsabs.harvard.edu/abs/2006ApJ...648..767M},
  adsnote = {Provided by the SAO/NASA Astrophysics Data System}
}

@ARTICLE{mor11,
   author = {{Mortlock}, D.~J. and {Warren}, S.~J. and {Venemans}, B.~P. and 
	{Patel}, M. and {Hewett}, P.~C. and {McMahon}, R.~G. and {Simpson}, C. and 
	{Theuns}, T. and {Gonz{\'a}les-Solares}, E.~A. and {Adamson}, A. and 
	{Dye}, S. and {Hambly}, N.~C. and {Hirst}, P. and {Irwin}, M.~J. and 
	{Kuiper}, E. and {Lawrence}, A. and {R{\"o}ttgering}, H.~J.~A.
	},
    title = "{A luminous quasar at a redshift of z = 7.085}",
  journal = {\nat},
archivePrefix = "arXiv",
   eprint = {1106.6088},
 primaryClass = "astro-ph.CO",
     year = 2011,
    month = jun,
   volume = 474,
    pages = {616-619},
      doi = {10.1038/nature10159},
   adsurl = {http://adsabs.harvard.edu/abs/2011Natur.474..616M},
  adsnote = {Provided by the SAO/NASA Astrophysics Data System}
}

@ARTICLE{mor12,
   author = {{Morales}, M.~F. and {Hazelton}, B. and {Sullivan}, I. and {Beardsley}, A.
	},
    title = "{Four Fundamental Foreground Power Spectrum Shapes for 21 cm Cosmology Observations}",
  journal = {\apj},
archivePrefix = "arXiv",
   eprint = {1202.3830},
 primaryClass = "astro-ph.IM",
 keywords = {cosmology: observations, methods: data analysis, techniques: interferometric},
     year = 2012,
    month = jun,
   volume = 752,
      eid = {137},
    pages = {137},
      doi = {10.1088/0004-637X/752/2/137},
   adsurl = {http://adsabs.harvard.edu/abs/2012ApJ...752..137M},
  adsnote = {Provided by the SAO/NASA Astrophysics Data System}
}
                  
@ARTICLE{nut81,
   author = {{Nuttall}, A.~H.},
    title = "{Some Windows with Very Good Sidelobe Behavior}",
  journal = {IEEE Transactions on Acoustics Speech and Signal Processing},
 keywords = {POWER SPECTRA},
     year = 1981,
   volume = 29,
    pages = {84-91},
   adsurl = {http://adsabs.harvard.edu/abs/1981ITASS..29...84N},
  adsnote = {Provided by the SAO/NASA Astrophysics Data System}
}

@ARTICLE{off10,
   author = {{Offringa}, A.~R. and {de Bruyn}, A.~G. and {Biehl}, M. and 
	{Zaroubi}, S. and {Bernardi}, G. and {Pandey}, V.~N.},
    title = "{Post-correlation radio frequency interference classification methods}",
  journal = {\mnras},
archivePrefix = "arXiv",
   eprint = {1002.1957},
 primaryClass = "astro-ph.IM",
 keywords = {instrumentation: interferometers, methods: data analysis, techniques: interferometric, radio continuum: general},
     year = 2010,
    month = jun,
   volume = 405,
    pages = {155-167},
      doi = {10.1111/j.1365-2966.2010.16471.x},
   adsurl = {http://adsabs.harvard.edu/abs/2010MNRAS.405..155O},
  adsnote = {Provided by the SAO/NASA Astrophysics Data System}
}

@ARTICLE{off12,
   author = {{Offringa}, A.~R. and {van de Gronde}, J.~J. and {Roerdink}, J.~B.~T.~M.
	},
    title = "{A morphological algorithm for improving radio-frequency interference detection}",
  journal = {\aap},
archivePrefix = "arXiv",
   eprint = {1201.3364},
 primaryClass = "astro-ph.IM",
 keywords = {instrumentation: interferometers, methods: data analysis, techniques: interferometric},
     year = 2012,
    month = mar,
   volume = 539,
      eid = {A95},
    pages = {A95},
      doi = {10.1051/0004-6361/201118497},
   adsurl = {http://adsabs.harvard.edu/abs/2012A%26A...539A..95O},
  adsnote = {Provided by the SAO/NASA Astrophysics Data System}
}

@ARTICLE{off15,
   author = {{Offringa}, A.~R. and {Wayth}, R.~B. and {Hurley-Walker}, N. and 
	{Kaplan}, D.~L. and {Barry}, N. and {Beardsley}, A.~P. and {Bell}, M.~E. and 
	{Bernardi}, G. and {Bowman}, J.~D. and {Briggs}, F. and {Callingham}, J.~R. and 
	{Cappallo}, R.~J. and {Carroll}, P. and {Deshpande}, A.~A. and 
	{Dillon}, J.~S. and {Dwarakanath}, K.~S. and {Ewall-Wice}, A. and 
	{Feng}, L. and {For}, B.-Q. and {Gaensler}, B.~M. and {Greenhill}, L.~J. and 
	{Hancock}, P. and {Hazelton}, B.~J. and {Hewitt}, J.~N. and 
	{Hindson}, L. and {Jacobs}, D.~C. and {Johnston-Hollitt}, M. and 
	{Kapi{\'n}ska}, A.~D. and {Kim}, H.-S. and {Kittiwisit}, P. and 
	{Lenc}, E. and {Line}, J. and {Loeb}, A. and {Lonsdale}, C.~J. and 
	{McKinley}, B. and {McWhirter}, S.~R. and {Mitchell}, D.~A. and 
	{Morales}, M.~F. and {Morgan}, E. and {Morgan}, J. and {Neben}, A.~R. and 
	{Oberoi}, D. and {Ord}, S.~M. and {Paul}, S. and {Pindor}, B. and 
	{Pober}, J.~C. and {Prabu}, T. and {Procopio}, P. and {Riding}, J. and 
	{Udaya Shankar}, N. and {Sethi}, S. and {Srivani}, K.~S. and 
	{Staveley-Smith}, L. and {Subrahmanyan}, R. and {Sullivan}, I.~S. and 
	{Tegmark}, M. and {Thyagarajan}, N. and {Tingay}, S.~J. and 
	{Trott}, C.~M. and {Webster}, R.~L. and {Williams}, A. and {Williams}, C.~L. and 
	{Wu}, C. and {Wyithe}, J.~S. and {Zheng}, Q.},
    title = "{The Low-Frequency Environment of the Murchison Widefield Array: Radio-Frequency Interference Analysis and Mitigation}",
  journal = {\pasa},
archivePrefix = "arXiv",
   eprint = {1501.03946},
 primaryClass = "astro-ph.IM",
 keywords = {instrumentation: interferometers, methods: observational, radio continuum: general, techniques: interferometric},
     year = 2015,
    month = mar,
   volume = 32,
      eid = {e008},
    pages = {8},
      doi = {10.1017/pasa.2015.7},
   adsurl = {http://adsabs.harvard.edu/abs/2015PASA...32....8O},
  adsnote = {Provided by the SAO/NASA Astrophysics Data System}
}                  

@ARTICLE{par09,
   author = {{Parsons}, A.~R. and {Backer}, D.~C.},
    title = "{Calibration of Low-Frequency, Wide-Field Radio Interferometers Using Delay/Delay-Rate Filtering}",
  journal = {\aj},
archivePrefix = "arXiv",
   eprint = {0901.2575},
 primaryClass = "astro-ph.IM",
 keywords = {instrumentation: interferometers, methods: data analysis, techniques: interferometric},
     year = 2009,
    month = jul,
   volume = 138,
    pages = {219-226},
      doi = {10.1088/0004-6256/138/1/219},
   adsurl = {http://adsabs.harvard.edu/abs/2009AJ....138..219P},
  adsnote = {Provided by the SAO/NASA Astrophysics Data System}
}

@ARTICLE{par10,
   author = {{Parsons}, A.~R. and {Backer}, D.~C. and {Foster}, G.~S. and 
	{Wright}, M.~C.~H. and {Bradley}, R.~F. and {Gugliucci}, N.~E. and 
	{Parashare}, C.~R. and {Benoit}, E.~E. and {Aguirre}, J.~E. and 
	{Jacobs}, D.~C. and {Carilli}, C.~L. and {Herne}, D. and {Lynch}, M.~J. and 
	{Manley}, J.~R. and {Werthimer}, D.~J.},
    title = "{The Precision Array for Probing the Epoch of Re-ionization: Eight Station Results}",
  journal = {\aj},
archivePrefix = "arXiv",
   eprint = {0904.2334},
 primaryClass = "astro-ph.CO",
 keywords = {cosmology: observations, instrumentation: interferometers, radio continuum: general, techniques: interferometric, site testing, telescopes},
     year = 2010,
    month = apr,
   volume = 139,
    pages = {1468-1480},
      doi = {10.1088/0004-6256/139/4/1468},
   adsurl = {http://adsabs.harvard.edu/abs/2010AJ....139.1468P},
  adsnote = {Provided by the SAO/NASA Astrophysics Data System}
}

@ARTICLE{par12a,
   author = {{Parsons}, A. and {Pober}, J. and {McQuinn}, M. and {Jacobs}, D. and 
	{Aguirre}, J.},
    title = "{A Sensitivity and Array-configuration Study for Measuring the Power Spectrum of 21 cm Emission from Reionization}",
  journal = {\apj},
archivePrefix = "arXiv",
   eprint = {1103.2135},
 primaryClass = "astro-ph.IM",
 keywords = {cosmology: observations, instrumentation: interferometers, methods: observational, techniques: interferometric, telescopes},
     year = 2012,
    month = jul,
   volume = 753,
      eid = {81},
    pages = {81},
      doi = {10.1088/0004-637X/753/1/81},
   adsurl = {http://adsabs.harvard.edu/abs/2012ApJ...753...81P},
  adsnote = {Provided by the SAO/NASA Astrophysics Data System}
}

@ARTICLE{par12b,
   author = {{Parsons}, A.~R. and {Pober}, J.~C. and {Aguirre}, J.~E. and 
	{Carilli}, C.~L. and {Jacobs}, D.~C. and {Moore}, D.~F.},
    title = "{A Per-baseline, Delay-spectrum Technique for Accessing the 21 cm Cosmic Reionization Signature}",
  journal = {\apj},
archivePrefix = "arXiv",
   eprint = {1204.4749},
 primaryClass = "astro-ph.IM",
 keywords = {cosmology: observations, instrumentation: interferometers, radio continuum: general, site testing, techniques: interferometric, telescopes},
     year = 2012,
    month = sep,
   volume = 756,
      eid = {165},
    pages = {165},
      doi = {10.1088/0004-637X/756/2/165},
   adsurl = {http://adsabs.harvard.edu/abs/2012ApJ...756..165P},
  adsnote = {Provided by the SAO/NASA Astrophysics Data System}
}

@ARTICLE{par14,
   author = {{Parsons}, A.~R. and {Liu}, A. and {Aguirre}, J.~E. and {Ali}, Z.~S. and 
	{Bradley}, R.~F. and {Carilli}, C.~L. and {DeBoer}, D.~R. and 
	{Dexter}, M.~R. and {Gugliucci}, N.~E. and {Jacobs}, D.~C. and 
	{Klima}, P. and {MacMahon}, D.~H.~E. and {Manley}, J.~R. and 
	{Moore}, D.~F. and {Pober}, J.~C. and {Stefan}, I.~I. and {Walbrugh}, W.~P.
	},
    title = "{New Limits on 21 cm Epoch of Reionization from PAPER-32 Consistent with an X-Ray Heated Intergalactic Medium at z = 7.7}",
  journal = {\apj},
archivePrefix = "arXiv",
   eprint = {1304.4991},
 keywords = {cosmology: observations, dark ages, reionization, first stars, early universe, instrumentation: interferometers, intergalactic medium, radio continuum: general},
     year = 2014,
    month = jun,
   volume = 788,
      eid = {106},
    pages = {106},
      doi = {10.1088/0004-637X/788/2/106},
   adsurl = {http://adsabs.harvard.edu/abs/2014ApJ...788..106P},
  adsnote = {Provided by the SAO/NASA Astrophysics Data System}
}                  

@ARTICLE{pin11,
   author = {{Pindor}, B. and {Wyithe}, J.~S.~B. and {Mitchell}, D.~A. and 
	{Ord}, S.~M. and {Wayth}, R.~B. and {Greenhill}, L.~J.},
    title = "{Subtraction of Bright Point Sources from Synthesis Images of the Epoch of Reionization}",
  journal = {\pasa},
archivePrefix = "arXiv",
   eprint = {1007.2264},
 primaryClass = "astro-ph.CO",
 keywords = {cosmology: diffuse radiation, methods: data analysis,},
     year = 2011,
    month = jan,
   volume = 28,
    pages = {46-57},
      doi = {10.1071/AS10023},
   adsurl = {http://adsabs.harvard.edu/abs/2011PASA...28...46P},
  adsnote = {Provided by the SAO/NASA Astrophysics Data System}
}

@ARTICLE{pob13,
   author = {{Pober}, J.~C. and {Parsons}, A.~R. and {Aguirre}, J.~E. and 
	{Ali}, Z. and {Bradley}, R.~F. and {Carilli}, C.~L. and {DeBoer}, D. and 
	{Dexter}, M. and {Gugliucci}, N.~E. and {Jacobs}, D.~C. and 
	{Klima}, P.~J. and {MacMahon}, D. and {Manley}, J. and {Moore}, D.~F. and 
	{Stefan}, I.~I. and {Walbrugh}, W.~P.},
    title = "{Opening the 21 cm Epoch of Reionization Window: Measurements of Foreground Isolation with PAPER}",
  journal = {\apjl},
archivePrefix = "arXiv",
   eprint = {1301.7099},
 primaryClass = "astro-ph.CO",
 keywords = {cosmology: observations, dark ages, reionization, first stars, techniques: interferometric},
     year = 2013,
    month = may,
   volume = 768,
      eid = {L36},
    pages = {L36},
      doi = {10.1088/2041-8205/768/2/L36},
   adsurl = {http://adsabs.harvard.edu/abs/2013ApJ...768L..36P},
  adsnote = {Provided by the SAO/NASA Astrophysics Data System}
}
                  
@ARTICLE{pob14,
   author = {{Pober}, J.~C. and {Liu}, A. and {Dillon}, J.~S. and {Aguirre}, J.~E. and 
	{Bowman}, J.~D. and {Bradley}, R.~F. and {Carilli}, C.~L. and 
	{DeBoer}, D.~R. and {Hewitt}, J.~N. and {Jacobs}, D.~C. and 
	{McQuinn}, M. and {Morales}, M.~F. and {Parsons}, A.~R. and 
	{Tegmark}, M. and {Werthimer}, D.~J.},
    title = "{What Next-generation 21 cm Power Spectrum Measurements can Teach us About the Epoch of Reionization}",
  journal = {\apj},
archivePrefix = "arXiv",
   eprint = {1310.7031},
 primaryClass = "astro-ph.CO",
 keywords = {dark ages, reionization, first stars, techniques: interferometric },
     year = 2014,
    month = feb,
   volume = 782,
      eid = {66},
    pages = {66},
      doi = {10.1088/0004-637X/782/2/66},
   adsurl = {http://adsabs.harvard.edu/abs/2014ApJ...782...66P},
  adsnote = {Provided by the SAO/NASA Astrophysics Data System}
}

@ARTICLE{ran12,
   author = {{Randall}, K.~E. and {Hopkins}, A.~M. and {Norris}, R.~P. and 
	{Zinn}, P.-C. and {Middelberg}, E. and {Mao}, M.~Y. and {Sharp}, R.~G.
	},
    title = "{Spectral index properties of milliJansky radio sources}",
  journal = {\mnras},
archivePrefix = "arXiv",
   eprint = {1201.0568},
 primaryClass = "astro-ph.CO",
 keywords = {catalogues, galaxies: active, galaxies: evolution, radio continuum: galaxies},
     year = 2012,
    month = apr,
   volume = 421,
    pages = {1644-1660},
      doi = {10.1111/j.1365-2966.2012.20422.x},
   adsurl = {http://adsabs.harvard.edu/abs/2012MNRAS.421.1644R},
  adsnote = {Provided by the SAO/NASA Astrophysics Data System}
}

@BOOK{roh00,
   author = {{Rohlfs}, K. and {Wilson}, T.~L.},
    title = "{Tools of radio astronomy}",
booktitle = {Tools of radio astronomy / K.~Rohlfs, T.L.~Wilson.~New York : Springer, 2000.~(Astronomy and astrophysics library,ISSN0941-7834)},
     year = 2000,
publisher = {Springer-Verlag},
   adsurl = {http://adsabs.harvard.edu/abs/2000tra..book.....R},
  adsnote = {Provided by the SAO/NASA Astrophysics Data System}
}

@ARTICLE{sal14,
   author = {{Salvini}, S. and {Wijnholds}, S.~J.},
    title = "{Fast gain calibration in radio astronomy using alternating direction implicit methods: Analysis and applications}",
  journal = {ArXiv e-prints},
archivePrefix = "arXiv",
   eprint = {1410.2101},
 primaryClass = "astro-ph.IM",
 keywords = {Astrophysics - Instrumentation and Methods for Astrophysics},
     year = 2014,
    month = oct,
   adsurl = {http://adsabs.harvard.edu/abs/2014arXiv1410.2101S},
  adsnote = {Provided by the SAO/NASA Astrophysics Data System}
}                  

@ARTICLE{san05,
   author = {{Santos}, M.~G. and {Cooray}, A. and {Knox}, L.},
    title = "{Multifrequency Analysis of 21 Centimeter Fluctuations from the Era of Reionization}",
  journal = {\apj},
   eprint = {astro-ph/0408515},
 keywords = {Cosmology: Theory, Cosmology: Diffuse Radiation, Cosmology: Large-Scale Structure of Universe},
     year = 2005,
    month = jun,
   volume = 625,
    pages = {575-587},
      doi = {10.1086/429857},
   adsurl = {http://adsabs.harvard.edu/abs/2005ApJ...625..575S},
  adsnote = {Provided by the SAO/NASA Astrophysics Data System}
}                  
                  
@ARTICLE{sco90,
   author = {{Scott}, D. and {Rees}, M.~J.},
    title = "{The 21-cm line at high redshift: a diagnostic for the origin of large scale structure}",
  journal = {\mnras},
     year = 1990,
    month = dec,
   volume = 247,
    pages = {510},
   adsurl = {http://adsabs.harvard.edu/abs/1990MNRAS.247..510S},
  adsnote = {Provided by the SAO/NASA Astrophysics Data System}
}

@ARTICLE{spe03,
   author = {{Spergel}, D.~N. and {Verde}, L. and {Peiris}, H.~V. and {Komatsu}, E. and 
	{Nolta}, M.~R. and {Bennett}, C.~L. and {Halpern}, M. and {Hinshaw}, G. and 
	{Jarosik}, N. and {Kogut}, A. and {Limon}, M. and {Meyer}, S.~S. and 
	{Page}, L. and {Tucker}, G.~S. and {Weiland}, J.~L. and {Wollack}, E. and 
	{Wright}, E.~L.},
    title = "{First-Year Wilkinson Microwave Anisotropy Probe (WMAP) Observations: Determination of Cosmological Parameters}",
  journal = {\apjs},
   eprint = {arXiv:astro-ph/0302209},
 keywords = {Cosmology: Cosmic Microwave Background, Cosmology: Cosmological Parameters- Cosmology: Observations, Cosmology: Early Universe},
     year = 2003,
    month = sep,
   volume = 148,
    pages = {175-194},
      doi = {10.1086/377226},
   adsurl = {http://adsabs.harvard.edu/abs/2003ApJS..148..175S},
  adsnote = {Provided by the SAO/NASA Astrophysics Data System}
}

@ARTICLE{sok03,
   author = {{Sokasian}, A. and {Abel}, T. and {Hernquist}, L. and {Springel}, V.
	},
    title = "{Cosmic reionization by stellar sources: Population II stars}",
  journal = {\mnras},
   eprint = {arXiv:astro-ph/0303098},
 keywords = {radiative transfer, intergalactic medium, quasars: general, diffuse radiation.},
     year = 2003,
    month = sep,
   volume = 344,
    pages = {607-624},
      doi = {10.1046/j.1365-8711.2003.06847.x},
   adsurl = {http://adsabs.harvard.edu/abs/2003MNRAS.344..607S},
  adsnote = {Provided by the SAO/NASA Astrophysics Data System}
}

@ARTICLE{sub02,
   author = {{Subrahmanyan}, R. and {Ekers}, R.~D.},
    title = "{CMB observations using the SKA}",
  journal = {ArXiv Astrophysics e-prints},
   eprint = {arXiv:astro-ph/0209569},
 keywords = {Astrophysics},
     year = 2002,
    month = sep,
   adsurl = {http://adsabs.harvard.edu/abs/2002astro.ph..9569S},
  adsnote = {Provided by the SAO/NASA Astrophysics Data System}
}

@ARTICLE{sul12,
   author = {{Sullivan}, I.~S. and {Morales}, M.~F. and {Hazelton}, B.~J. and 
	{Arcus}, W. and {Barnes}, D. and {Bernardi}, G. and {Briggs}, F.~H. and 
	{Bowman}, J.~D. and {Bunton}, J.~D. and {Cappallo}, R.~J. and 
	{Corey}, B.~E. and {Deshpande}, A. and {deSouza}, L. and {Emrich}, D. and 
	{Gaensler}, B.~M. and {Goeke}, R. and {Greenhill}, L.~J. and 
	{Herne}, D. and {Hewitt}, J.~N. and {Johnston-Hollitt}, M. and 
	{Kaplan}, D.~L. and {Kasper}, J.~C. and {Kincaid}, B.~B. and 
	{Koenig}, R. and {Kratzenberg}, E. and {Lonsdale}, C.~J. and 
	{Lynch}, M.~J. and {McWhirter}, S.~R. and {Mitchell}, D.~A. and 
	{Morgan}, E. and {Oberoi}, D. and {Ord}, S.~M. and {Pathikulangara}, J. and 
	{Prabu}, T. and {Remillard}, R.~A. and {Rogers}, A.~E.~E. and 
	{Roshi}, A. and {Salah}, J.~E. and {Sault}, R.~J. and {Udaya Shankar}, N. and 
	{Srivani}, K.~S. and {Stevens}, J. and {Subrahmanyan}, R. and 
	{Tingay}, S.~J. and {Wayth}, R.~B. and {Waterson}, M. and {Webster}, R.~L. and 
	{Whitney}, A.~R. and {Williams}, A. and {Williams}, C.~L. and 
	{Wyithe}, J.~S.~B.},
    title = "{Fast Holographic Deconvolution: A New Technique for Precision Radio Interferometry}",
  journal = {\apj},
archivePrefix = "arXiv",
   eprint = {1209.1653},
 primaryClass = "astro-ph.IM",
 keywords = {dark ages, reionization, first stars, techniques: image processing, techniques: interferometric},
     year = 2012,
    month = nov,
   volume = 759,
      eid = {17},
    pages = {17},
      doi = {10.1088/0004-637X/759/1/17},
   adsurl = {http://adsabs.harvard.edu/abs/2012ApJ...759...17S},
  adsnote = {Provided by the SAO/NASA Astrophysics Data System}
}                  

@ARTICLE{sun72,
   author = {{Sunyaev}, R.~A. and {Zeldovich}, Y.~B.},
    title = "{Formation of Clusters of Galaxies; Protocluster Fragmentation and Intergalactic Gas Heating}",
  journal = {\aap},
     year = 1972,
    month = aug,
   volume = 20,
    pages = {189},
   adsurl = {http://adsabs.harvard.edu/abs/1972A%26A....20..189S},
  adsnote = {Provided by the SAO/NASA Astrophysics Data System}
}
                  
@INPROCEEDINGS{sut14,
author={Sutinjo, Adrian and Padhi, Shantanu and Wayth, Randall and Hall, Peter and Tingay, Steven and O'Sullivan, John and Lenc, Emil},
booktitle={Antenna Technology and Applied Electromagnetics (ANTEM), 2014 16th International Symposium on},
title={Improving the Murchison Widefield Array tile model for polarimetry},
year={2014},
month={July},
pages={1-2},
keywords={Arrays;Australia;Data models;Educational institutions;Electronic mail;Mutual coupling;Polarimetry},
doi={10.1109/ANTEM.2014.6887732},}                  

@ARTICLE{sut14_arXiv,
   author = {{Sutinjo}, A. and {O'Sullivan}, J. and {Lenc}, E. and {Wayth}, R.~B. and 
	{Padhi}, S. and {Hall}, P. and {Tingay}, S.~J.},
    title = "{Understanding Instrumental Stokes Leakage in Murchison Widefield Array Polarimetry}",
  journal = {ArXiv e-prints},
archivePrefix = "arXiv",
   eprint = {1412.4466},
 primaryClass = "astro-ph.IM",
 keywords = {Astrophysics - Instrumentation and Methods for Astrophysics},
     year = 2014,
    month = dec,
   adsurl = {http://adsabs.harvard.edu/abs/2014arXiv1412.4466S},
  adsnote = {Provided by the SAO/NASA Astrophysics Data System}
}                  

@PROCEEDINGS{tay99,
    title = "{Synthesis Imaging in Radio Astronomy II}",
booktitle = {Synthesis Imaging in Radio Astronomy II},
     year = 1999,
   series = {Astronomical Society of the Pacific Conference Series},
   volume = 180,
   editor = {{Taylor}, G.~B. and {Carilli}, C.~L. and {Perley}, R.~A.},
   adsurl = {http://adsabs.harvard.edu/abs/1999ASPC..180.....T},
  adsnote = {Provided by the SAO/NASA Astrophysics Data System}
}

@BOOK{tho01,
   author = {{Thompson}, A.~R. and {Moran}, J.~M. and {Swenson}, Jr., G.~W.
	},
    title = "{Interferometry and Synthesis in Radio Astronomy, 2nd Edition}",
booktitle = {''Interferometry and synthesis in radio astronomy by A.~Richard Thompson, James M.~Moran, and George W.~Swenson, Jr.~2nd ed.~ New York : Wiley, c2001.xxiii, 692 p.~: ill.~; 25 cm.~''A Wiley-Interscience publication.''  Includes bibliographical references and indexes.~ISBN :  0471254924''},
     year = 2001,
publisher = {Wiley},
   adsurl = {http://adsabs.harvard.edu/abs/2001isra.book.....T},
  adsnote = {Provided by the SAO/NASA Astrophysics Data System}
}

@ARTICLE{thy13,
   author = {{Thyagarajan}, N. and {Udaya Shankar}, N. and {Subrahmanyan}, R. and 
	{Arcus}, W. and {Bernardi}, G. and {Bowman}, J.~D. and {Briggs}, F. and 
	{Bunton}, J.~D. and {Cappallo}, R.~J. and {Corey}, B.~E. and 
	{deSouza}, L. and {Emrich}, D. and {Gaensler}, B.~M. and {Goeke}, R.~F. and 
	{Greenhill}, L.~J. and {Hazelton}, B.~J. and {Herne}, D. and 
	{Hewitt}, J.~N. and {Johnston-Hollitt}, M. and {Kaplan}, D.~L. and 
	{Kasper}, J.~C. and {Kincaid}, B.~B. and {Koenig}, R. and {Kratzenberg}, E. and 
	{Lonsdale}, C.~J. and {Lynch}, M.~J. and {McWhirter}, S.~R. and 
	{Mitchell}, D.~A. and {Morales}, M.~F. and {Morgan}, E.~H. and 
	{Oberoi}, D. and {Ord}, S.~M. and {Pathikulangara}, J. and {Remillard}, R.~A. and 
	{Rogers}, A.~E.~E. and {Anish Roshi}, D. and {Salah}, J.~E. and 
	{Sault}, R.~J. and {Srivani}, K.~S. and {Stevens}, J.~B. and 
	{Thiagaraj}, P. and {Tingay}, S.~J. and {Wayth}, R.~B. and {Waterson}, M. and 
	{Webster}, R.~L. and {Whitney}, A.~R. and {Williams}, A.~J. and 
	{Williams}, C.~L. and {Wyithe}, J.~S.~B.},
    title = "{A Study of Fundamental Limitations to Statistical Detection of Redshifted H I from the Epoch of Reionization}",
  journal = {\apj},
archivePrefix = "arXiv",
   eprint = {1308.0565},
 primaryClass = "astro-ph.CO",
 keywords = {dark ages, reionization, first stars, large-scale structure of universe, methods: statistical, radio continuum: galaxies, radio lines: general, techniques: interferometric},
     year = 2013,
    month = oct,
   volume = 776,
      eid = {6},
    pages = {6},
      doi = {10.1088/0004-637X/776/1/6},
   adsurl = {http://adsabs.harvard.edu/abs/2013ApJ...776....6T},
  adsnote = {Provided by the SAO/NASA Astrophysics Data System}
}

@ARTICLE{thy15,
   author = {{Thyagarajan}, N. and {Jacobs}, D.~C. and {Bowman}, J.~D. and 
	{Barry}, N. and {Beardsley}, A.~P. and {Bernardi}, G. and {Briggs}, F. and 
	{Cappallo}, R.~J. and {Carroll}, P. and {Corey}, B.~E. and {de Oliveira-Costa}, A. and 
	{Dillon}, J.~S. and {Emrich}, D. and {Ewall-Wice}, A. and {Feng}, L. and 
	{Goeke}, R. and {Greenhill}, L.~J. and {Hazelton}, B.~J. and 
	{Hewitt}, J.~N. and {Hurley-Walker}, N. and {Johnston-Hollitt}, M. and 
	{Kaplan}, D.~L. and {Kasper}, J.~C. and {Kim}, H.-S. and {Kittiwisit}, P. and 
	{Kratzenberg}, E. and {Lenc}, E. and {Line}, J. and {Loeb}, A. and 
	{Lonsdale}, C.~J. and {Lynch}, M.~J. and {McKinley}, B. and 
	{McWhirter}, S.~R. and {Mitchell}, D.~A. and {Morales}, M.~F. and 
	{Morgan}, E. and {Neben}, A.~R. and {Oberoi}, D. and {Offringa}, A.~R. and 
	{Ord}, S.~M. and {Paul}, S. and {Pindor}, B. and {Pober}, J.~C. and 
	{Prabu}, T. and {Procopio}, P. and {Riding}, J. and {Rogers}, A.~E.~E. and 
	{Roshi}, A. and {Udaya Shankar}, N. and {Sethi}, S.~K. and {Srivani}, K.~S. and 
	{Subrahmanyan}, R. and {Sullivan}, I.~S. and {Tegmark}, M. and 
	{Tingay}, S.~J. and {Trott}, C.~M. and {Waterson}, M. and {Wayth}, R.~B. and 
	{Webster}, R.~L. and {Whitney}, A.~R. and {Williams}, A. and 
	{Williams}, C.~L. and {Wu}, C. and {Wyithe}, J.~S.~B.},
    title = "{Foregrounds in Wide-field Redshifted 21 cm Power Spectra}",
  journal = {\apj},
archivePrefix = "arXiv",
   eprint = {1502.07596},
 primaryClass = "astro-ph.IM",
 keywords = {cosmology: observations, dark ages, reionization, first stars, large-scale structure of universe, methods: statistical, radio continuum: galaxies, techniques: interferometric},
     year = 2015,
    month = may,
   volume = 804,
      eid = {14},
    pages = {14},
      doi = {10.1088/0004-637X/804/1/14},
   adsurl = {http://adsabs.harvard.edu/abs/2015ApJ...804...14T},
  adsnote = {Provided by the SAO/NASA Astrophysics Data System}
}                  

@ARTICLE{tin13,
   author = {{Tingay}, S.~J. and {Goeke}, R. and {Bowman}, J.~D. and {Emrich}, D. and 
	{Ord}, S.~M. and {Mitchell}, D.~A. and {Morales}, M.~F. and 
	{Booler}, T. and {Crosse}, B. and {Wayth}, R.~B. and {Lonsdale}, C.~J. and 
	{Tremblay}, S. and {Pallot}, D. and {Colegate}, T. and {Wicenec}, A. and 
	{Kudryavtseva}, N. and {Arcus}, W. and {Barnes}, D. and {Bernardi}, G. and 
	{Briggs}, F. and {Burns}, S. and {Bunton}, J.~D. and {Cappallo}, R.~J. and 
	{Corey}, B.~E. and {Deshpande}, A. and {Desouza}, L. and {Gaensler}, B.~M. and 
	{Greenhill}, L.~J. and {Hall}, P.~J. and {Hazelton}, B.~J. and 
	{Herne}, D. and {Hewitt}, J.~N. and {Johnston-Hollitt}, M. and 
	{Kaplan}, D.~L. and {Kasper}, J.~C. and {Kincaid}, B.~B. and 
	{Koenig}, R. and {Kratzenberg}, E. and {Lynch}, M.~J. and {Mckinley}, B. and 
	{Mcwhirter}, S.~R. and {Morgan}, E. and {Oberoi}, D. and {Pathikulangara}, J. and 
	{Prabu}, T. and {Remillard}, R.~A. and {Rogers}, A.~E.~E. and 
	{Roshi}, A. and {Salah}, J.~E. and {Sault}, R.~J. and {Udaya-Shankar}, N. and 
	{Schlagenhaufer}, F. and {Srivani}, K.~S. and {Stevens}, J. and 
	{Subrahmanyan}, R. and {Waterson}, M. and {Webster}, R.~L. and 
	{Whitney}, A.~R. and {Williams}, A. and {Williams}, C.~L. and 
	{Wyithe}, J.~S.~B.},
    title = "{The Murchison Widefield Array: The Square Kilometre Array Precursor at Low Radio Frequencies}",
  journal = {\pasa},
archivePrefix = "arXiv",
   eprint = {1206.6945},
 primaryClass = "astro-ph.IM",
 keywords = {instrumentation: interferometers, techniques: image processing, techniques: interferometric, radio continuum: general, radio lines: general, early Universe},
     year = 2013,
    month = jan,
   volume = 30,
      eid = {e007},
    pages = {7},
      doi = {10.1017/pasa.2012.007},
   adsurl = {http://adsabs.harvard.edu/abs/2013PASA...30....7T},
  adsnote = {Provided by the SAO/NASA Astrophysics Data System}
}

@ARTICLE{toz00,
   author = {{Tozzi}, P. and {Madau}, P. and {Meiksin}, A. and {Rees}, M.~J.
	},
    title = "{Radio Signatures of H I at High Redshift: Mapping the End of the ``Dark Ages''}",
  journal = {\apj},
   eprint = {arXiv:astro-ph/9903139},
 keywords = {COSMOLOGY: THEORY, COSMOLOGY: DIFFUSE RADIATION, GALAXIES: EVOLUTION, QUASARS: GENERAL, RADIO LINES: GENERAL},
     year = 2000,
    month = jan,
   volume = 528,
    pages = {597-606},
      doi = {10.1086/308196},
   adsurl = {http://adsabs.harvard.edu/abs/2000ApJ...528..597T},
  adsnote = {Provided by the SAO/NASA Astrophysics Data System}
}

@ARTICLE{tro12,
   author = {{Trott}, C.~M. and {Wayth}, R.~B. and {Tingay}, S.~J.},
    title = "{The Impact of Point-source Subtraction Residuals on 21 cm Epoch of Reionization Estimation}",
  journal = {\apj},
archivePrefix = "arXiv",
   eprint = {1208.0646},
 primaryClass = "astro-ph.CO",
 keywords = {early universe, methods: analytical, techniques: interferometric},
     year = 2012,
    month = sep,
   volume = 757,
      eid = {101},
    pages = {101},
      doi = {10.1088/0004-637X/757/1/101},
   adsurl = {http://adsabs.harvard.edu/abs/2012ApJ...757..101T},
  adsnote = {Provided by the SAO/NASA Astrophysics Data System}
}

@ARTICLE{van34,
   author = {{van Cittert}, P.~H.},
    title = "{Die Wahrscheinliche Schwingungsverteilung in Einer von Einer Lichtquelle Direkt Oder Mittels Einer Linse Beleuchteten Ebene}",
  journal = {Physica},
     year = 1934,
   volume = 1,
    pages = {201-210},
      doi = {10.1016/S0031-8914(34)90026-4},
   adsurl = {http://adsabs.harvard.edu/abs/1934Phy.....1..201V},
  adsnote = {Provided by the SAO/NASA Astrophysics Data System}
}

@ARTICLE{van13,
   author = {{van Haarlem}, M.~P. and {Wise}, M.~W. and {Gunst}, A.~W. and 
	{Heald}, G. and {McKean}, J.~P. and {Hessels}, J.~W.~T. and 
	{de Bruyn}, A.~G. and {Nijboer}, R. and {Swinbank}, J. and {Fallows}, R. and 
	{Brentjens}, M. and {Nelles}, A. and {Beck}, R. and {Falcke}, H. and 
	{Fender}, R. and {H{\"o}randel}, J. and {Koopmans}, L.~V.~E. and 
	{Mann}, G. and {Miley}, G. and {R{\"o}ttgering}, H. and {Stappers}, B.~W. and 
	{Wijers}, R.~A.~M.~J. and {Zaroubi}, S. and {van den Akker}, M. and 
	{Alexov}, A. and {Anderson}, J. and {Anderson}, K. and {van Ardenne}, A. and 
	{Arts}, M. and {Asgekar}, A. and {Avruch}, I.~M. and {Batejat}, F. and 
	{B{\"a}hren}, L. and {Bell}, M.~E. and {Bell}, M.~R. and {van Bemmel}, I. and 
	{Bennema}, P. and {Bentum}, M.~J. and {Bernardi}, G. and {Best}, P. and 
	{B{\^i}rzan}, L. and {Bonafede}, A. and {Boonstra}, A.-J. and 
	{Braun}, R. and {Bregman}, J. and {Breitling}, F. and {van de Brink}, R.~H. and 
	{Broderick}, J. and {Broekema}, P.~C. and {Brouw}, W.~N. and 
	{Br{\"u}ggen}, M. and {Butcher}, H.~R. and {van Cappellen}, W. and 
	{Ciardi}, B. and {Coenen}, T. and {Conway}, J. and {Coolen}, A. and 
	{Corstanje}, A. and {Damstra}, S. and {Davies}, O. and {Deller}, A.~T. and 
	{Dettmar}, R.-J. and {van Diepen}, G. and {Dijkstra}, K. and 
	{Donker}, P. and {Doorduin}, A. and {Dromer}, J. and {Drost}, M. and 
	{van Duin}, A. and {Eisl{\"o}ffel}, J. and {van Enst}, J. and 
	{Ferrari}, C. and {Frieswijk}, W. and {Gankema}, H. and {Garrett}, M.~A. and 
	{de Gasparin}, F. and {Gerbers}, M. and {de Geus}, E. and {Grie{\ss}meier}, J.-M. and 
	{Grit}, T. and {Gruppen}, P. and {Hamaker}, J.~P. and {Hassall}, T. and 
	{Hoeft}, M. and {Holties}, H.~A. and {Horneffer}, A. and {van der Horst}, A. and 
	{van Houwelingen}, A. and {Huijgen}, A. and {Iacobelli}, M. and 
	{Intema}, H. and {Jackson}, N. and {Jelic}, V. and {de Jong}, A. and 
	{Kant}, D. and {Karastergiou}, A. and {Koers}, A. and {Kollen}, H. and 
	{Kondratiev}, V.~I. and {Kooistra}, E. and {Koopman}, Y. and 
	{Koster}, A. and {Kuniyoshi}, M. and {Kramer}, M. and {Kuper}, G. and 
	{Lambropoulos}, P. and {Law}, C. and {van Leeuwen}, J. and {Lemaitre}, J. and 
	{Loose}, M. and {Maat}, P. and {Macario}, G. and {Markoff}, S. and 
	{Masters}, J. and {McFadden}, R.~A. and {McKay-Bukowski}, D. and 
	{Meijering}, H. and {Meulman}, H. and {Mevius}, M. and {Millenaar}, R. and 
	{Miller-Jones}, J.~C.~A. and {Mohan}, R.~N. and {Mol}, J.~D. and 
	{Morawietz}, J. and {Morganti}, R. and {Mulcahy}, D.~D. and 
	{Mulder}, E. and {Munk}, H. and {Nieuwenhuis}, L. and {van Nieuwpoort}, R. and 
	{Noordam}, J.~E. and {Norden}, M. and {Noutsos}, A. and {Offringa}, A.~R. and 
	{Olofsson}, H. and {Omar}, A. and {Orr{\'u}}, E. and {Overeem}, R. and 
	{Paas}, H. and {Pandey-Pommier}, M. and {Pandey}, V.~N. and 
	{Pizzo}, R. and {Polatidis}, A. and {Rafferty}, D. and {Rawlings}, S. and 
	{Reich}, W. and {de Reijer}, J.-P. and {Reitsma}, J. and {Renting}, G.~A. and 
	{Riemers}, P. and {Rol}, E. and {Romein}, J.~W. and {Roosjen}, J. and 
	{Ruiter}, M. and {Scaife}, A. and {van der Schaaf}, K. and {Scheers}, B. and 
	{Schellart}, P. and {Schoenmakers}, A. and {Schoonderbeek}, G. and 
	{Serylak}, M. and {Shulevski}, A. and {Sluman}, J. and {Smirnov}, O. and 
	{Sobey}, C. and {Spreeuw}, H. and {Steinmetz}, M. and {Sterks}, C.~G.~M. and 
	{Stiepel}, H.-J. and {Stuurwold}, K. and {Tagger}, M. and {Tang}, Y. and 
	{Tasse}, C. and {Thomas}, I. and {Thoudam}, S. and {Toribio}, M.~C. and 
	{van der Tol}, B. and {Usov}, O. and {van Veelen}, M. and {van der Veen}, A.-J. and 
	{ter Veen}, S. and {Verbiest}, J.~P.~W. and {Vermeulen}, R. and 
	{Vermaas}, N. and {Vocks}, C. and {Vogt}, C. and {de Vos}, M. and 
	{van der Wal}, E. and {van Weeren}, R. and {Weggemans}, H. and 
	{Weltevrede}, P. and {White}, S. and {Wijnholds}, S.~J. and 
	{Wilhelmsson}, T. and {Wucknitz}, O. and {Yatawatta}, S. and 
	{Zarka}, P. and {Zensus}, A. and {van Zwieten}, J.},
    title = "{LOFAR: The LOw-Frequency ARray}",
  journal = {\aap},
archivePrefix = "arXiv",
   eprint = {1305.3550},
 primaryClass = "astro-ph.IM",
 keywords = {instrumentation: interferometers, radio continuum: general, radio lines: general, dark ages, reionization, first stars, telescopes},
     year = 2013,
    month = aug,
   volume = 556,
      eid = {A2},
    pages = {A2},
      doi = {10.1051/0004-6361/201220873},
   adsurl = {http://adsabs.harvard.edu/abs/2013A%26A...556A...2V},
  adsnote = {Provided by the SAO/NASA Astrophysics Data System}
}

@ARTICLE{ved12,
   author = {{Vedantham}, H. and {Udaya Shankar}, N. and {Subrahmanyan}, R.
	},
    title = "{Imaging the Epoch of Reionization: Limitations from Foreground Confusion and Imaging Algorithms}",
  journal = {\apj},
archivePrefix = "arXiv",
   eprint = {1106.1297},
 primaryClass = "astro-ph.IM",
 keywords = {cosmology: observations, methods: analytical, methods: data analysis, techniques: interferometric},
     year = 2012,
    month = feb,
   volume = 745,
      eid = {176},
    pages = {176},
      doi = {10.1088/0004-637X/745/2/176},
   adsurl = {http://adsabs.harvard.edu/abs/2012ApJ...745..176V},
  adsnote = {Provided by the SAO/NASA Astrophysics Data System}
}

@ARTICLE{wan06,
   author = {{Wang}, X. and {Tegmark}, M. and {Santos}, M.~G. and {Knox}, L.
	},
    title = "{21 cm Tomography with Foregrounds}",
  journal = {\apj},
   eprint = {astro-ph/0501081},
 keywords = {Cosmology: Theory, Cosmology: Diffuse Radiation, ISM: Atoms, Methods: Analytical, Methods: Data Analysis, Radio Lines: General},
     year = 2006,
    month = oct,
   volume = 650,
    pages = {529-537},
      doi = {10.1086/506597},
   adsurl = {http://adsabs.harvard.edu/abs/2006ApJ...650..529W},
  adsnote = {Provided by the SAO/NASA Astrophysics Data System}
}
                  
@ARTICLE{wil12,
   author = {{Williams}, C.~L. and {Hewitt}, J.~N. and {Levine}, A.~M. and 
	{de Oliveira-Costa}, A. and {Bowman}, J.~D. and {Briggs}, F.~H. and 
	{Gaensler}, B.~M. and {Hernquist}, L.~L. and {Mitchell}, D.~A. and 
	{Morales}, M.~F. and {Sethi}, S.~K. and {Subrahmanyan}, R. and 
	{Sadler}, E.~M. and {Arcus}, W. and {Barnes}, D.~G. and {Bernardi}, G. and 
	{Bunton}, J.~D. and {Cappallo}, R.~C. and {Crosse}, B.~W. and 
	{Corey}, B.~E. and {Deshpande}, A. and {deSouza}, L. and {Emrich}, D. and 
	{Goeke}, R.~F. and {Greenhill}, L.~J. and {Hazelton}, B.~J. and 
	{Herne}, D. and {Kaplan}, D.~L. and {Kasper}, J.~C. and {Kincaid}, B.~B. and 
	{Koenig}, R. and {Kratzenberg}, E. and {Lonsdale}, C.~J. and 
	{Lynch}, M.~J. and {McWhirter}, S.~R. and {Morgan}, E.~H. and 
	{Oberoi}, D. and {Ord}, S.~M. and {Pathikulangara}, J. and {Prabu}, T. and 
	{Remillard}, R.~A. and {Rogers}, A.~E.~E. and {Anish Roshi}, D. and 
	{Salah}, J.~E. and {Sault}, R.~J. and {Udaya Shankar}, N. and 
	{Srivani}, K.~S. and {Stevens}, J.~B. and {Tingay}, S.~J. and 
	{Wayth}, R.~B. and {Waterson}, M. and {Webster}, R.~L. and {Whitney}, A.~R. and 
	{Williams}, A.~J. and {Wyithe}, J.~S.~B.},
    title = "{Low-frequency Imaging of Fields at High Galactic Latitude with the Murchison Widefield Array 32 Element Prototype}",
  journal = {\apj},
archivePrefix = "arXiv",
   eprint = {1203.5790},
 primaryClass = "astro-ph.CO",
 keywords = {dark ages, reionization, first stars, instrumentation: interferometers, methods: data analysis, surveys},
     year = 2012,
    month = aug,
   volume = 755,
      eid = {47},
    pages = {47},
      doi = {10.1088/0004-637X/755/1/47},
   adsurl = {http://adsabs.harvard.edu/abs/2012ApJ...755...47W},
  adsnote = {Provided by the SAO/NASA Astrophysics Data System}
}

@ARTICLE{zal04,
   author = {{Zaldarriaga}, M. and {Furlanetto}, S.~R. and {Hernquist}, L.
	},
    title = "{21 Centimeter Fluctuations from Cosmic Gas at High Redshifts}",
  journal = {\apj},
   eprint = {arXiv:astro-ph/0311514},
 keywords = {Cosmology: Theory, Cosmology: Diffuse Radiation, Galaxies: Intergalactic Medium},
     year = 2004,
    month = jun,
   volume = 608,
    pages = {622-635},
      doi = {10.1086/386327},
   adsurl = {http://adsabs.harvard.edu/abs/2004ApJ...608..622Z},
  adsnote = {Provided by the SAO/NASA Astrophysics Data System}
}

@ARTICLE{zar12,
   author = {{Zaroubi}, S. and {de Bruyn}, A.~G. and {Harker}, G. and {Thomas}, R.~M. and 
	{Labropolous}, P. and {Jeli{\'c}}, V. and {Koopmans}, L.~V.~E. and 
	{Brentjens}, M.~A. and {Bernardi}, G. and {Ciardi}, B. and {Daiboo}, S. and 
	{Kazemi}, S. and {Martinez-Rubi}, O. and {Mellema}, G. and {Offringa}, A.~R. and 
	{Pandey}, V.~N. and {Schaye}, J. and {Veligatla}, V. and {Vedantham}, H. and 
	{Yatawatta}, S.},
    title = "{Imaging neutral hydrogen on large scales during the Epoch of Reionization with LOFAR}",
  journal = {\mnras},
archivePrefix = "arXiv",
   eprint = {1205.3449},
 primaryClass = "astro-ph.CO",
 keywords = {methods: statistical, cosmology: observations, cosmology: theory, diffuse radiation, large-scale structure of Universe, radio lines: general},
     year = 2012,
    month = oct,
   volume = 425,
    pages = {2964-2973},
      doi = {10.1111/j.1365-2966.2012.21500.x},
   adsurl = {http://adsabs.harvard.edu/abs/2012MNRAS.425.2964Z},
  adsnote = {Provided by the SAO/NASA Astrophysics Data System}
}

@ARTICLE{zer38,
   author = {{Zernike}, F.},
    title = "{The concept of degree of coherence and its application to optical problems}",
  journal = {Physica},
     year = 1938,
    month = aug,
   volume = 5,
    pages = {785-795},
      doi = {10.1016/S0031-8914(38)80203-2},
   adsurl = {http://adsabs.harvard.edu/abs/1938Phy.....5..785Z},
  adsnote = {Provided by the SAO/NASA Astrophysics Data System}
}